2575 3592
321 659 353 716 G.
377 656 636 717 CORNELII
676 651 859 717 TAOITI

354 822 402 875 AB
419 821 573 876 Excusso
590 776 677 875 DIVI¹
688 818 839 874 AUGUSTI

203 980 990 1077 HISTORIARUM

455 1159 569 1216 LIBER
585 1160 746 1217 TERTIUS.

554 1336 651 1351 —

233 1454 365 1510 Mmonn
373 1452 425 1507 fato
436 1452 535 1525 fideque
545 1455 656 1525 partium
664 1454 839 1510 Flavianarum
848 1450 924 1507 duoes
936 1468 994 1505 oon·
1004 1454 1018 1509 1

212 1532 271 1587 eilia
285 1530 346 1585 belli
353 1530 512 1586 tractabant.
548 1532 722 1587 Poetovionem
741 1532 769 1587 iu
788 1530 893 1585 hiberno
910 1527 994 1583 tertie

212 1608 316 1663 decime
337 1606 442 1679 legionis
461 1612 638 1663 eonvenerant.
673 1608 731 1663 Illio
754 1608 890 1681 agitavere,
915 1607 1019 1676 place-2

211 1690 285 1741 retne
307 1684 406 1739 obstrui
427 1685 564 1741 Pannonia
586 1686 672 1757 Alpes,
697 1685 777 1741 donee
797 1704 812 1739 a
832 1688 905 1757 tergo
928 1682 995 1737 vires

154 1823 158 1828 ¹
211 1763 336 1817 universe
347 1767 536 1833 oonsurgerent‚
548 1781 581 1817 au
591 1762 629 1817 ire
645 1763 784 1818 comminus
802 1766 828 1817 et
840 1765 937 1817 certare
949 1776 995 1831 pro

212 1839 290 1895 Italis
305 1838 463 1894 constantius
485 1840 560 1894 soret.
603 1840 704 1899 Quibus
722 1840 831 1912 opperiri
854 1838 947 1893 auxilia
969 1840 1032 1915 ett¹

213 1917 315 1971 trahere
324 1916 419 1971 bellum
430 1915 570 1982 videbatur,
585 1917 789 1973 Germanicarum
805 1916 931 1988 legionum
945 1914 997 1969 vim

214 1994 357 2063 funemque
372 1993 533 2059 extollebant,
549 1998 576 2048 et
593 1994 726 2049 advenisse
743 2012 803 2049 urox
820 2012 877 2049 euru
893 1992 999 2048 vitellio

216 2070 357 2125 Britannici
367 2070 496 2125 exereitus
510 2070 617 2127 robora:
635 2071 698 2143 ipsis
709 2090 757 2126 nee
768 2089 901 2125 numerum
913 2088 1000 2140 poreru

217 2146 347 2217 pulsurum
370 2164 451 2217 nuper
478 2146 623 2217 legionum
654 2152 680 2203 et
704 2166 852 2280 ‘quanquam
880 2146 1000 2201 atrociter

216 2226 386 2294 loquerentur,
398 2224 519 2279 minorem
530 2242 586 2279 esse
597 2225 709 2296 apud
685 2229 737 2281 vret
738 2244 767 2279 os
785 2224 903 2279 animum.
941 2222 998 2289 Sed,
1006 2230 1024 2278 4

215 2300 321 2356 insessis
334 2300 437 2354 iuterim
447 2300 563 2371 Alpibus,
575 2309 712 2356 venturum
724 2320 782 2357 oum
798 2300 876 2371 eopiis
888 2300 985 2355 Orieut'
966 2304 1000 2355 trs

215 2376 372 2433 Munianum.
409 2377 545 2447 Superesse
553 2378 710 2449 Vespasiano
722 2394 798 2443 more,
807 2378 906 2443 classes,
917 2377 1002 2433 studia

216 2453 538 2525 provinciarumque
549 2455 620 2509 velut
632 2455 735 2509 alterius
742 2454 802 2510 belli
814 2454 936 2509 molem¹
915 2460 992 2511 oreret
994 2498 1000 2510 .

218 2533 262 2586 Ito
278 2529 374 2585 salubri
393 2548 464 2585 mora
484 2549 563 2585 novas
586 2532 654 2586 vires
677 2531 761 2597 affore,
786 2534 812 2586 et
835 2531 1002 2603 praesentibus
1020 2598 1023 2602 Ι

218 2607 282 2662 nibil
292 2607 442 2680 periturum.
477 2608 519 2662 Ad
530 2627 561 2663 ea
571 2609 699 2664 Antonius
712 2610 812 2663 Primus
822 2610 854 2671 (is
867 2610 1028 2667 acerrimum

219 2683 278 2739 belli
289 2684 423 2752 oonoitor,)
436 2685 627 2740 fesfinatiouem
643 2686 706 2756 ipsis
722 2686 818 2753 utilem,
830 2687 934 2741 Vitellio
951 2687 1003 2741 exi·

219 2760 311 2815 tioeam
328 2761 456 2817 disseruit.
493 2762 554 2816 Plus
573 2762 693 2817 sooordiae
711 2780 786 2834 quarn
804 2762 902 2818 fidueiae
922 2774 1026 2820 aeres-t

219 2837 285 2892 sisse
301 2838 448 2894 vietoribus.
482 2838 575 2909 Neque
592 2839 660 2894 enim
676 2840 703 2893 in
719 2842 852 2911 prooinotu
869 2844 895 2893 et
913 2840 1002 2893 eastris

217 2914 338 2969 habitos:
361 2934 408 2987 per
425 2916 510 2970 omniu
526 2916 610 2973 Itnbae
625 2916 761 2987 ruunioipin
779 2916 884 2979 desides,
903 2918 1003 2969 tanturn

215 2992 365 3065 hospitibus
376 2992 534 3058 metuendos,
548 2997 643 3063 quanto
660 2994 769 3048 ferocius
784 2996 842 3046 ante
853 3009 882 3045 se
898 2990 1003 3060 egerint,
