2575 3592
309 417 358 466 nt
635 414 784 462 TAClTUS

308 528 409 597 mutum
426 525 459 580 ab
475 525 619 596 eloquentia
635 527 796 598 antiquorum
816 534 944 582 oratorum
964 526 1096 582 recesseri·
1149 567 1150 574 ι

308 621 374 657 mus.
411 603 438 657 Si
452 607 533 658 testes
552 602 734 668 desiderantur,
754 622 816 674 qnos
834 603 944 674 potiores
961 604 1095 659 nominabo

310 698 385 750 quern
393 679 460 750 apud
472 681 573 735 Graecos
585 680 789 744 Demosthenem,
798 699 872 751 qucm
884 679 1096 736 studiosissimum
1149 687 1150 702 ³

309 755 424 810 Platonis
441 756 580 810 auditorem
597 757 676 811 luisse
692 757 817 812 memoriae
836 757 962 827 proditum
982 757 1041 811 est?
1060 757 1096 810 Et

287 831 400 896 ;Cioero
423 833 470 897 liis,
489 836 519 886 nt
535 833 632 902 opinor,
651 833 734 888 verbis
757 851 783 888 re
785 834 843 901 ieri,
863 832 982 905 quiequid
1001 833 1029 888 in
1047 833 1096 886 elo-

310 910 415 979 quentia
431 909 550 974 effecerit,
570 909 596 964 id
616 929 643 965 se
666 928 718 964 non
737 911 794 966 rhet
782 915 868 964 torum
887 910 932 965 sed
955 909 1096 964 Academiae
1149 927 1150 930 ’

288 985 399 1055 dspatiis
428 993 598 1041 consecutum.
655 987 720 1042 Sunt
749 987 804 1042 eliae
833 1005 922 1052 cause,
947 1005 1045 1075 magna
1069 992 1097 1040 et
1149 1051 1150 1058 ἵ

268 1123 271 1129 ¹
267 1080 407 1132 graves,
424 1080 487 1150 quas
502 1081 518 1117 e
532 1063 605 1119 robis
622 1064 714 1134 aperiri
729 1082 828 1132 equum
846 1069 893 1129 est,
913 1064 1098 1134 quoniamqni-
1149 1061 1150 1096 ἕ

310 1137 367 1192 dem
384 1157 433 1208 ego
446 1139 500 1210 jam
517 1159 602 1196 meum
617 1159 710 1195 munus
724 1140 831 1210 explevi,
848 1146 882 1208 et,
903 1141 971 1210 quod
990 1141 1077 1195 mihi'
1070 1160 1100 1196 un

309 1220 415 1270 consuet
403 1216 491 1272 tudine
512 1222 560 1282 est,
579 1218 642 1272 satis
665 1217 758 1272 multos
777 1217 877 1284 offendi,
896 1235 966 1288 quos,
989 1219 1011 1274 si
1031 1219 1098 1274 forte
1149 1219 1150 1222 ’

310 1293 364 1348 hacc
381 1292 532 1359 audiverint,
550 1299 648 1350 certum
666 1294 745 1348 habeo
764 1293 875 1348 dicturus
893 1313 941 1362 me,
956 1295 1017 1350 dum
1030 1295 1099 1364 juris

308 1374 336 1424 et
353 1368 516 1440 philosophie
534 1371 665 1426 scientiam
682 1375 803 1442 tanquam
820 1371 914 1426 oratori
931 1371 1098 1428 neeessariam

309 1445 393 1513 laudo,
404 1447 505 1517 ineptiis
517 1449 580 1502 meis
592 1447 739 1517 plausisse.”
1149 1445 1150 1490 ἶ

265 1529 304 1587 38
345 1523 381 1577 Et
398 1524 538 1589 Maternus,
553 1524 643 1579 “Mihi
661 1523 785 1595 quidem,’'
798 1523 887 1594 inquit,
902 1527 1099 1594 “susceptuma
1149 1527 1150 1584 3

311 1604 338 1654 te
353 1618 445 1654 munus
461 1600 524 1655 adeo
539 1601 667 1672 peregisse
685 1601 795 1656 nondum
808 1600 907 1666 videris,
919 1606 949 1656 ut
938 1601 1098 1658 tinchoaisse
1149 1595 1150 1626 ³

312 1679 419 1740 tantum,
432 1682 459 1732 et
447 1678 540 1732 tvelut
528 1678 660 1749 tvestigia
673 1696 702 1732 ac
720 1677 870 1732 lineamenta
843 1677 1001 1759 tquaedarn
1013 1681 1099 1734 osten·

287 1751 379 1808 adisse
399 1753 515 1808 videaris.
550 1754 618 1809 Nam
638 1753 757 1825 quibus
750 1759 802 1808 inst
803 1754 841 1808 rui
862 1747 961 1810 velares
985 1759 1098 1810 oratores
1149 1753 1150 1822 j

311 1829 381 1884 soliti
403 1831 455 1884 sint
475 1830 569 1894 dixisti,
591 1830 806 1902 differentiamque
830 1836 923 1886 nostra
889 1831 1047 1886 radesidia
1071 1837 1098 1886 et

311 1905 450 1960 inscientia
474 1906 594 1960 adversus
617 1907 738 1961 acerrima
760 1913 787 1961 et
810 1907 988 1962 fecundissima
1010 1926 1098 1962 eorum

311 1981 397 2037 studia
413 1981 607 2039 demonstrdsti:
629 1982 720 2037 caelera
740 1988 866 2052 exspecto,
884 1988 921 2048 nt,
939 1983 1099 2054 quemadmo-

312 2057 418 2114 dumex
431 2063 458 2114 te
475 2058 551 2113 didici
568 2059 629 2130 quid
643 2063 688 2114 aut
705 2058 742 2114 illi
759 2059 861 2114 scierint
879 2064 924 2114 aut
938 2079 984 2114 nos
1002 2061 1098 2116 neseia-

311 2155 377 2202 mus,
385 2137 423 2192 ita
433 2136 481 2191 hoc
493 2154 592 2207 quoque
603 2154 759 2207 cognoscam,
770 2135 861 2206 quibus
873 2137 1097 2194 exercitationibus

309 2213 415 2284 juvenes
423 2217 477 2284 jam
488 2220 515 2268 ct
526 2213 611 2268 forum
622 2213 760 2284 ingressuri
777 2213 925 2269 confirmare
940 2219 967 2270 et
979 2215 1045 2270 alere
1056 2216 1096 2270 in·

288 2291 387 2362 agenia
400 2309 446 2345 sua
460 2290 529 2346 soliti
545 2290 605 2345 sint.
640 2290 732 2361 Neque
748 2291 813 2346 enim
829 2291 847 2360 †
863 2290 923 2346 dum
940 2294 1097 2360 (damtaeat)

311 2372 367 2423 arte
378 2371 405 2422 et
416 2367 522 2422 scientia
532 2366 578 2422 sed
588 2367 664 2438 longe
675 2367 755 2438 magis
767 2367 889 2424 facultate
901 2373 927 2424 et
942 2411 949 2424 .
971 2411 977 2424 .
1000 2409 1007 2423 .
1024 2372 1097 2438 (usu)

311 2444 478 2516 eloquentiam
495 2444 621 2500 contineri
631 2462 679 2498 neo
691 2447 728 2509 tu,
742 2454 812 2514 puto,
826 2445 929 2512 abnues,
941 2449 968 2500 et
983 2447 1010 2500 hi
1021 2447 1100 2518 signi-

311 2521 386 2578 ficare
397 2521 471 2576 vualtu
481 2520 624 2576 videntur‚’‘

286 2604 305 2651 4
345 2597 445 2653 Deinde
456 2617 515 2652 cum
526 2600 595 2669 Aper
612 2615 712 2668 qnoque
724 2600 751 2652 et
766 2597 896 2654 Secundus
914 2597 979 2654 idem
998 2599 1101 2654 annum-

311 2680 377 2740 sent,
394 2675 513 2739 Messala,
525 2674 598 2745 qnasi
608 2692 697 2728 rursus
709 2673 846 2744 incipiens:
867 2679 881 2705 ‘⁶
890 2675 1015 2734 Quoniam
1027 2676 1101 2732 initia
1149 2691 1150 2728 1

310 2756 338 2806 et
349 2752 446 2808 semina
456 2752 548 2806 veteris
564 2751 714 2822 eloquentia
731 2751 793 2806 satis
807 2750 992 2808 demonstrisse
1004 2753 1098 2821 videor,

310 2827 422 2884 docendo
440 2828 531 2900 quibus
542 2827 640 2883 artibus
656 2827 754 2898 antiqui
772 2833 885 2882 oratores
900 2829 1001 2884 institui
1016 2830 1100 2886 erudi-

310 2904 382 2978 riqne
400 2905 469 2961 soliti
482 2905 541 2972 sint,
553 2923 690 2976 persequar
707 2923 775 2960 nunc
793 2905 985 2962 exercitationes
1003 2925 1098 2976 eorum.
1149 2947 1150 2962 ι

284 2986 302 3033 6
314 2987 463 3054 Quanquam
474 2981 536 3053 ipsis
548 2981 647 3037 artibus
658 2981 725 3037 inest
740 2982 895 3048 exercitatio,
909 3001 954 3040 nee
967 2984 1098 3056 qnisquam
