2575 3592
331 413 380 459 244
658 413 778 461 usum

308 532 403 585 eterra
423 545 495 599 seges
515 526 662 598 imperatur.
696 528 772 583 Unde
792 547 885 583 annum
905 547 1007 601 quoque
1028 530 1110 601 ὶρσυω

328 624 379 659 uon
391 606 417 660 in
428 604 534 660 totidem
548 604 667 677 digerunt
679 606 790 676 species:
809 606 889 661 hiems
901 612 929 661 et
943 626 990 662 ver
1000 611 1028 661 et
1039 614 1112 663 astas

328 682 483 737 intellectum
495 701 524 737 ao
540 682 662 737 vocabula
676 682 770 737 habent
777 707 785 749 ς
803 684 933 740 auctumni
947 683 1054 755 perirrde
1068 703 1112 739 no-

327 778 386 813 meu
398 778 427 815 ac
438 759 504 814 bona
514 759 671 831 ignorantur.

284 832 322 891 27
362 837 490 891 Fuuemm
501 836 571 891 nulls
582 835 701 891 ambitio:
719 835 747 889 id
762 836 844 891 solnm
856 836 1008 892 obserratnr
1018 841 1051 891 ut
1062 856 1114 891 eor·

327 932 389 984 pora
397 913 520 969 clarorum
529 914 639 968 virorum
651 913 726 967 certis
734 912 811 981 lignis
823 918 974 969 crementur.
1012 914 1114 969 Struem

327 991 382 1062 rogi
400 1009 447 1045 nec
464 989 577 1045 vestibus
592 1008 639 1045 nec
656 989 776 1044 odoribus
794 990 938 1045 cumulant:
957 1009 1007 1045 sua
1025 991 1114 1062 cuique

327 1085 403 1127 arma,
416 1066 578 1138 quorumdam
595 1066 690 1138 igniet
706 1084 786 1137 equus
802 1066 927 1137 adjicitur.
964 1068 1113 1139 Sepulcrum

306 1157 422 1215 acsespes
440 1146 522 1216 erigit.
559 1144 783 1199 Monumentomm
803 1143 910 1197 arduum
929 1149 958 1198 et
978 1162 1113 1215 operosum

326 1222 453 1287 honorem,
466 1227 496 1276 ut
512 1240 614 1293 garam
628 1220 763 1285 defunctis,
779 1225 954 1290 aspernantur.
991 1223 1113 1277 Lamenta

326 1316 356 1353 ac
372 1298 487 1355 lacrimas
505 1301 567 1365 cito,
583 1298 694 1353 dolorem
714 1303 741 1353 et
757 1297 888 1352 tristitiam
908 1296 984 1353 tarde
1004 1306 1111 1370 ponunt.

325 1375 435 1431 Feminis
450 1378 536 1447 lugere
547 1376 682 1430 honestum
693 1380 741 1439 est,
753 1375 813 1429 viris
825 1374 977 1429 meminisse.

303 1464 318 1509 3
435 1454 462 1509 in
474 1472 604 1507 commune
616 1452 648 1507 de
657 1453 768 1507 omnium
781 1453 964 1507 Germanorum
976 1453 1112 1524 originem

325 1548 351 1584 m
455 1530 603 1602 accepimus.
637 1530 716 1585 Nunc
732 1529 888 1601 singularum
904 1529 1028 1601 gentium
1045 1532 1111 1586 insti·

325 1610 355 1661 tu
463 1626 518 1678 que,
532 1612 657 1678 quatenus
672 1606 796 1672 differant,
814 1624 869 1677 qua
884 1606 1006 1662 nationes
1023 1627 1040 1663 e
1056 1609 1112 1663 Ger·
1135 1623 1136 1642 ¹

324 1702 365 1738 ma
457 1684 549 1739 Galbae
560 1684 786 1755 commigraverint,
798 1682 938 1754 expediam.

279 1764 317 1818 28
358 1760 498 1815 Validiores
519 1762 578 1815 olim
599 1760 730 1815 Gallorum
748 1779 789 1815 res
809 1760 895 1825 luisse,
917 1778 1039 1817 summus
1059 1781 1110 1817 auo

323 1840 407 1891 torum
426 1838 498 1893 divus
517 1838 601 1893 Julius
619 1838 712 1904 tradit3
737 1856 817 1908 eoque
835 1837 955 1893 credibile
974 1843 1020 1893 est
1040 1840 1109 1894 etiam

323 1914 407 1969 Gallos
430 1914 457 1968 in
478 1915 636 1969 Germaniam
656 1921 841 1986 transgressos:
867 1914 1026 1985 quantulum
1050 1918 1110 1971 enim

322 1992 402 2045 amnis
418 1990 534 2046 obstabat
551 2010 601 2063 quo
616 1992 708 2059 minus,
723 1997 754 2045 ut
770 2009 876 2063 quaque
890 2009 954 2062 gens
970 1993 1110 2056 evnluerat

322 2072 456 2141 occuparet
474 2074 680 2140 permutaretque
702 2068 782 2137 sedes,
805 2068 961 2139 promiscuas
981 2070 1071 2126 adhuc
1088 2079 1110 2124 et
1135 2110 1137 2127 ἰ

300 2146 390 2203 anulla
407 2164 543 2219 regnorum
558 2147 673 2216 potentia
690 2145 802 2199 diruas?
821 2145 907 2216 Igitur
923 2145 996 2199 inter
1013 2148 1110 2219 Hercy-

320 2224 387 2278 niam
405 2224 500 2289 silvsm,
517 2223 686 2293 Rhenumque
702 2227 729 2277 et
744 2222 862 2277 Moenum
877 2240 966 2276 amnes
985 2224 1109 2288 Helvetii,

320 2300 440 2356 ulteriora
459 2300 524 2365 Boii,
547 2300 642 2355 Gallica
657 2303 766 2368 utraque
781 2317 852 2370 gens,
866 2301 983 2354 tenume.
1022 2302 1110 2355 Manet

320 2377 401 2433 adhuc
416 2378 533 2432 Boihemi
549 2395 648 2442 nomen,
665 2377 799 2447 signatque
816 2375 865 2430 loci
880 2379 997 2431 veterem
1018 2397 1109 2433 memo

297 2454 388 2519 triam,
402 2456 514 2525 quamvis
526 2454 630 2508 mutatis
647 2452 794 2508 cultoribus.
829 2452 879 2507 Sed
891 2457 981 2507 utrum
993 2456 1110 2510 Amrisd
1135 2473 1136 2482 ¹

317 2530 344 2585 in
356 2530 509 2585 Pannoniam
525 2531 555 2586 ab
568 2530 634 2596 Osis,
649 2531 832 2586 Germanorum
843 2530 954 2595 natione,
967 2549 1005 2586 an
1016 2533 1067 2588 Osi
1081 2532 1109 2587 ab

316 2606 444 2661 Ararimis
460 2608 488 2661 in
508 2608 669 2661 Germaniam
686 2607 913 2678 commigraverint,
936 2624 999 2662 oum
1020 2610 1109 2665 eodem
1135 2645 1137 2678 ;

316 2682 398 2736 adhuc
419 2699 539 2747 sermone,
560 2683 693 2749 institutis,
712 2684 825 2738 moribus
845 2688 958 2749 utantur,
979 2685 1107 2741 incertum

316 2762 362 2824 est,
375 2756 441 2827 quia,
454 2758 509 2826 pari
520 2758 579 2812 olim
590 2760 676 2831 inopia
690 2778 719 2815 ao
730 2760 856 2828 fibertate,
868 2760 956 2815 endem
967 2763 1107 2835 utriusque

293 2833 375 2901 tripae
387 2833 453 2887 bona
468 2832 582 2903 malaque
598 2840 678 2890 erant.
714 2836 818 2892 Treveri
835 2842 863 2892 et
879 2837 971 2892 Nervii
990 2840 1105 2896 mesai-

314 2906 476 2961 sectationem
497 2908 652 2967 Germanica
671 2913 777 2984 originis
796 2914 866 2969 ultro
886 2914 1018 2971 ambitiosi
1035 2923 1103 2980 sunt,

313 2982 433 3051 tanquam
447 3000 493 3053 per
509 2982 573 3039 hanc
588 2987 695 3057 gloriam
710 2990 842 3061 sanguinis
859 3009 876 3046 a
890 2991 1065 3049 similitudine
1079 3000 1103 3048 et
