2575 3592
439 431 620 479 Aculeone
638 433 742 478 nit—32.
933 429 981 480 273

199 493 224 532 Δ.
234 491 310 538 utta
417 518 426 540 ,

197 546 223 596 et
240 542 382 598 infestiores
398 541 513 606 Romani,
531 559 638 613 quorum
660 539 803 612 snperbiam
820 539 917 594 frustra
933 557 981 609 per

196 618 343 690 obsequium
365 623 391 674 et
414 618 562 674 modestiam
587 617 713 689 effugeris.
749 618 876 689 Raptores
900 615 978 680 orbis,

196 702 329 768 postquam
349 701 441 752 cuncte
460 695 618 751 restantibus
638 695 742 750 deluere
763 699 844 760 terroe,
863 698 890 749 et
911 712 979 749 mene

195 778 356 841 scrutantur3
375 774 397 829 si
420 775 532 846 locuples
555 772 636 828 hostis
660 776 707 838 est,
730 773 805 838 aven,
827 771 849 826 si
873 790 978 842 pauper,

193 849 334 916 ambitiosi3
359 868 422 923 quos
438 869 490 905 non
507 850 606 915 Oriens,
624 867 677 904 non
700 849 825 904 Occidens
843 848 979 904 satiaverit.

193 926 247 981 Soli
263 927 375 982 omnium
392 945 454 997 opes
471 931 547 999 etque
564 926 674 998 inopiam
692 927 747 997 peri
771 928 865 982 affeetu
888 936 1002 983 conen-5

191 1003 303 1073 piscuut.
338 1003 454 1073 Auferre,
473 1003 607 1069 trucidare,
628 1021 724 1076 repere,
745 1003 816 1058 felsis
837 1003 979 1059 nominibus

191 1080 332 1150 imperium,
349 1085 433 1152 utque,
453 1081 498 1136 ubi
518 1080 679 1136 solitudinem
699 1080 803 1146 fuciunt,
826 1099 915 1152 pacem
936 1099 978 1152 ap·

190 1157 295 1228 pellunt.
330 1157 437 1212 Liberos
458 1157 549 1229 cuique
566 1175 596 1213 ee
619 1157 775 1228 pmpinquos
800 1175 859 1212 suos
886 1157 1022 1214 neturadl

190 1232 333 1288 carissimos
352 1252 408 1289 esse
426 1234 521 1289 voluit:
543 1234 569 1289 hi
587 1253 634 1305 per
651 1233 763 1289 delectus
781 1233 840 1288 alibi
857 1235 977 1290 servituri

189 1309 358 1364 eniseruntnr:
376 1314 496 1382 conjuges
511 1329 666 1383 sororesque,
679 1311 778 1366 etiamsi
793 1310 909 1365 hostilem
923 1311 977 1366 libi·

189 1385 274 1441 dinem
285 1387 415 1458 effugiunt,
427 1387 528 1443 nomine
542 1389 676 1443 amicornm
694 1392 770 1458 etque
785 1386 912 1458 hospitum
925 1388 977 1457 pol·

188 1463 303 1518 luuntur.
339 1464 411 1518 Bona
426 1464 591 1536 fortunasque
605 1465 633 1519 in
648 1465 773 1520 tributum
790 1467 919 1535 aggerant,
933 1472 1001 1522 sin-2

187 1560 250 1596 unm
268 1541 296 1595 in
312 1541 475 1596 frumentum.
512 1542 624 1614 Corpora
640 1542 696 1613 ipse
713 1559 742 1598 sc
758 1560 848 1597 manus
864 1541 934 1596 silvis
946 1559 976 1598 eo

186 1617 322 1688 paludibus
334 1618 490 1674 emuniendis
502 1619 569 1674 inter
584 1620 730 1675 verberone
742 1618 906 1674 contumelias
918 1637 975 1673 con·

186 1700 284 1749 terunt.
320 1695 390 1750 tha
407 1696 525 1750 servituti
543 1697 667 1767 mancipis
681 1695 756 1751 semel
767 1701 885 1761 veneunt,
898 1699 974 1767 etque

187 1771 257 1825 ultro
275 1791 291 1827 e
313 1771 420 1827 dominis
444 1772 562 1828 aluntur:
586 1773 719 1828 Britannia
736 1773 885 1828 servitutem
902 1791 974 1827 snam

187 1847 302 1918 qnotidie
325 1848 394 1914 emit,
413 1849 527 1920 qnotidie
551 1852 641 1920 puscit.
684 1851 724 1906 Ao
747 1851 813 1906 sient
830 1849 858 1906 iu
880 1849 998 1906 familiae

184 1925 375 1980 recentissimus
394 1926 501 1996 quisque
520 1945 650 1982 servorum
667 1926 743 1982 etium
761 1927 888 1983 conservis
911 1927 974 1982 ludi·

186 2002 242 2056 brio
254 2007 300 2069 est,
312 2003 349 2057 sic
360 2002 388 2057 in
399 2002 446 2057 hoc
457 2002 526 2058 orbis
543 2008 668 2058 terrerum
684 2009 769 2060 vetere
781 2003 904 2058 semmetu
915 2005 973 2060 novi

185 2095 234 2131 nos
252 2085 279 2133 et
295 2079 357 2134 viles
372 2079 400 2134 in
417 2079 544 2134 excidium
561 2081 678 2152 petimur.
721 2081 812 2151 Neque
829 2081 895 2135 enim
913 2099 971 2135 arvs

186 2151 261 2208 nohis
277 2160 322 2212 eut
338 2155 440 2211 metelle
456 2161 502 2210 aut
518 2161 608 2228 portus
631 2161 700 2223 sunt,
719 2157 809 2228 quibus
827 2156 971 2211 exercendis

184 2247 350 2288 reservemur.
388 2232 478 2287 Virtus
495 2251 571 2303 porro
588 2252 618 2289 ne
634 2234 727 2290 ferocia
744 2233 913 2304 subjectorum
932 2233 997 2290 ΞΜ

183 2311 261 2378 grets
272 2307 465 2378 impermtibus3
483 2313 510 2364 et
522 2309 692 2382 longinquitas
710 2329 739 2365 ec
751 2313 876 2365 secretum
887 2309 968 2380 ipsum

183 2402 237 2455 qno
249 2383 339 2450 tutius,
350 2404 381 2441 eo
396 2386 547 2456 suspectius.
583 2387 626 2442 Ite
641 2387 740 2444 sublata
755 2405 799 2458 spe
815 2386 900 2451 venie,
913 2390 969 2442 tnn-

181 2459 243 2516 dem
267 2461 359 2517 sumite
381 2462 499 2528 animum,
517 2469 569 2518 tem
588 2465 679 2536 quibus
697 2464 763 2519 selus
787 2481 861 2536 quem
878 2463 969 2536 quibus

180 2538 266 2609 gloria
284 2539 411 2595 mrissimu
427 2544 476 2594 est.
512 2540 648 2613 Brigantes
666 2542 758 2597 femine
780 2540 845 2596 duce
864 2551 993 2596 exureret

179 2615 314 2683 colonium,
332 2633 479 2688 expugnare
495 2622 586 2686 eastre,
598 2636 634 2683 ue,
652 2619 701 2674 nisi
718 2617 824 2674 felicitas
841 2618 869 2673 in
886 2636 969 2672 socor-

178 2691 248 2748 diam
268 2694 394 2759 vertisset,
413 2712 505 2750 eruere
522 2696 613 2767 jugum
629 2700 750 2768 potuere:
768 2713 814 2750 nos
831 2695 923 2766 integri
941 2698 968 2749 et

175 2769 299 2826 indomiti
310 2775 337 2826 et
348 2771 488 2826 libertatem
504 2790 555 2827 non
566 2773 593 2827 in
604 2773 775 2844 penitentium
790 2772 873 2836 lnturi,
887 2770 967 2841 primo

175 2849 269 2904 statim
282 2867 420 2920 congressu
431 2849 600 2914 ostendemus,
614 2869 677 2922 qnos
690 2849 738 2905 sibi
754 2848 888 2905 Caledonio
899 2847 966 2901 viros

174 2927 333 2996 seposuerit.
369 2929 412 2980 An
434 2925 540 2981 eandem
562 2927 683 2982 Romanis
708 2928 735 2982 in
762 2925 825 2982 bello
846 2925 965 2979 virtutem
976 2933 1013 2989 32

173 3021 257 3076 quarn
281 3005 309 3059 in
331 3019 393 3075 paee
409 3001 536 3059 lascivium
556 3004 644 3060 edesse
665 3003 785 3084 creditis?
809 3001 910 3058 Nostris
930 3001 967 3060 illi

212 3106 375 3146 suenorum.
571 3094 589 3134 Ψ
