2575 3592
306 404 354 452 222
637 404 758 455 Tncffl

935 467 971 515 [a.
982 466 1012 505 o.
1020 466 1046 506 o.
1055 465 1104 525 aaa.

307 513 457 581 ambiretur,
477 516 608 588 egregium
631 516 858 589 propngnnnnlum.
891 516 961 571 Fons
982 534 1105 592 Quare

308 613 388 665 aque,
399 594 481 649 cavati
498 594 546 649 sub
563 599 633 649 terra
647 600 755 663 montes,
770 599 797 649 et
814 593 918 665 piscinae
933 594 1106 664 cisternaeque

285 671 438 747 tservandis
454 671 584 729 imbribus.
620 672 794 729 Praeviderant
810 670 953 727 conditores
970 689 1003 747 ex
1020 670 1108 743 diser·

206 779 210 792 =
307 750 385 807 sitate
396 768 494 808 morum
507 750 595 806 erebra
609 750 689 806 bella:
707 749 767 805 inde
779 753 872 807 ennete
886 748 1002 820 quamvis
1016 748 1104 803 adver

200 874 203 881 .
308 845 353 883 sus
364 827 468 899 longum
479 826 612 883 obsidium
649 828 685 883 Et
697 846 713 882 a
724 828 845 898 Pompeio
854 826 1009 897 expugnatis
1021 834 1110 881 metus

286 907 388 975 totque
399 921 461 959 usus
473 903 592 977 pleraque
600 909 781 961 monstravere.
817 907 903 975 Atque
915 922 961 973 per
973 903 1111 959 ararium

310 980 506 1037 Claudianorum
517 985 661 1052 temporum
671 987 757 1052 empto
765 985 825 1052 jure
837 980 975 1056 muniendi.
986 984 1111 1035 struxere

310 1076 396 1113 muros
413 1057 441 1115 in
456 1076 518 1129 paee
535 1063 656 1130 tanquam
675 1058 708 1113 ad
724 1059 826 1123 bellum.
842 1076 935 1129 magna
952 1056 1068 1130 colluvie
1084 1063 1111 1111 et

310 1140 458 1191 sommium
482 1135 584 1194 urbium
607 1136 678 1192 elada
701 1137 784 1191 aneti:
803 1154 862 1191 nam
887 1134 1111 1206 perdoaemsimna

313 1214 421 1285 quisque
445 1211 505 1269 illue
529 1213 684 1285 perfugerat,
712 1231 792 1284 eoque
818 1210 964 1285 sedbosins
989 1211 1110 1283 egebm

287 1288 374 1345 al'res
394 1288 478 1355 dueea,
497 1290 604 1345 totidem
624 1291 760 1346 exereitus.
795 1289 918 1359 Extrema
937 1292 967 1345 et
983 1288 1110 1343 latissima

312 1367 431 1422 moenium
456 1368 532 1433 Sinro,
556 1366 665 1436 mediam
684 1366 774 1425 urbem
796 1366 916 1431 loannes,
937 1364 957 1435 †
980 1384 1063 1437 quem
1085 1377 1109 1421 et

312 1443 462 1515 Bargioram
487 1443 619 1509 sonabant,
644 1444 769 1515 templum
792 1443 929 1501 Eleazarus
954 1442 1108 1499 firmaverat

313 1520 482 1577 Multitudine
496 1526 522 1576 et
540 1520 616 1577 armis
633 1522 745 1577 Joannes
763 1539 793 1577 ao
809 1520 885 1585 Simo,
898 1520 1042 1576 Fleanarus
1057 1521 1109 1575 loeo

289 1598 430 1669 dpollebat,
468 1598 518 1655 Sed
538 1598 632 1670 praelia,
652 1598 734 1663 dolus,
755 1597 870 1654 incendia
892 1597 961 1653 inter
980 1597 1065 1667 ipsos,
1085 1603 1108 1653 et

313 1692 406 1747 magna
417 1675 455 1731 vis
468 1675 588 1733 frumenti
600 1675 723 1731 ambusta.
760 1674 1055 1739 nortmanniae
1068 1693 1109 1745 per
1139 1707 1140 1720 2

314 1752 423 1822 speeiem
451 1752 607 1809 saenfieandi
630 1753 676 1825 qui
699 1752 847 1809 Eleazarum
872 1769 1031 1823 manumque
1055 1756 1108 1821 ejas

313 1827 502 1895 obtruncarent,
525 1830 619 1901 templo
640 1830 745 1901 potitur.
781 1829 825 1885 Ita
843 1828 871 1885 in
893 1827 960 1884 duas
983 1829 1107 1887 factiones

314 1904 403 1961 eivitas
421 1904 545 1973 diseessit,
563 1910 650 1972 donee,
670 1906 896 1979 propinquantibus
913 1906 1042 1963 &manis
1061 1906 1108 1961 bet

267 1977 305 2037 13
315 1981 365 2039 lum
376 1986 509 2039 externum
518 1983 677 2039 ooneordiam
686 1988 793 2055 pareret.
829 1983 975 2040 Evenerant
985 1983 1107 2055 prodigia

316 2078 373 2130 que
396 2078 478 2131 neque
496 2060 586 2115 hostiis
607 2079 690 2132 neque
710 2061 777 2116 sotis
798 2060 867 2131 piare
886 2061 925 2117 tas
946 2060 1028 2115 babet
1047 2078 1108 2131 gers

314 2137 491 2208 superstitioni
507 2137 623 2203 obnoxia,
642 2137 806 2209 religionibus
826 2137 939 2195 advema
977 2137 1050 2194 Visa
1067 2155 1108 2209 per
1137 2091 1139 2190 l

317 2214 407 2271 eaelum
424 2232 573 2271 concurrere
592 2215 665 2280 acies,
679 2214 810 2270 rutilantia
827 2232 903 2282 unm,
915 2220 942 2271 et
960 2214 1050 2271 subito
1065 2234 1109 2271 na

293 2290 386 2345 thium
397 2292 456 2364 igne
468 2292 591 2347 eolluoere
607 2292 737 2362 templum
771 2292 909 2367 Exapertae
921 2304 1030 2361 repente
1041 2291 1109 2348 dela·

318 2367 357 2423 bri
369 2368 446 2433 loros,
458 2374 484 2425 et
500 2368 588 2423 andita
602 2372 684 2439 major
697 2369 808 2423 humana
820 2388 879 2434 vox,
895 2368 1019 2427 exoedere
1034 2369 1107 2433 ὼοκ
1136 2403 1137 2416 r

316 2444 391 2499 simul
408 2445 498 2517 ingens
514 2452 599 2501 motus
617 2445 800 2502 excedentium.
836 2447 902 2505 Quae
919 2435 996 2517 pbnoi
1013 2448 1043 2503 in
1056 2434 1107 2501 ma·
1136 2429 1138 2548 l

317 2522 372 2574 tum
390 2522 538 2579 trahebant:
557 2523 674 2594 pluribus
691 2524 822 2593 persuasio
839 2523 922 2580 inerat
939 2524 1055 2595 antiquis
1073 2543 1108 2581 sa·

316 2594 448 2651 eerdotum
472 2598 552 2655 literis
576 2600 708 2665 eontineri,
729 2618 761 2655 eo
783 2601 840 2669 ipso
862 2604 978 2672 tempore
1002 2602 1059 2667 tore
1081 2607 1106 2659 nt

319 2672 453 2727 valeseeret
470 2675 568 2740 Oriens,
582 2678 739 2751 protectique
750 2677 841 2733 Jndaea
857 2697 942 2753 regum
957 2680 1105 2749 potirentur.

296 2747 385 2806 tQuae
397 2748 514 2819 ambages
532 2752 717 2823 Vespasianum
731 2772 760 2807 ae
778 2754 864 2809 Titum
880 2754 1051 2826 prodirent:
1067 2756 1105 2810 sad
1135 2745 1136 2810 l

318 2824 417 2893 vulgus,
438 2842 508 2879 more
526 2826 642 2883 hnmanae
661 2829 794 2899 cupidinis,
813 2831 862 2905 sibi
881 2837 980 2887 tantam
1001 2833 1104 2887 latorum

320 2898 519 2967 magnitudinem
537 2902 704 2973 interpretati,
719 2924 752 2959 ne
767 2906 879 2963 adveffis
893 2908 996 2980 quidem
1008 2910 1105 2965 adsere

322 2975 493 3033 mutabantur.
528 2978 723 3037 Multitudinem
738 2982 907 3053 obsessorum,
920 2988 1003 3044 omnis
1021 2989 1103 3052 eura
