2575 3592
456 403 649 450 GERMANIA
668 404 769 454 30—35.
953 404 1000 454 247

214 507 303 565 ditum
326 510 381 565 lans
405 528 480 581 quam
500 510 630 565 Tencteris
651 511 772 581 equitum.
809 510 851 565 Sic
871 510 1004 567 instituere

215 591 342 657 majores:
363 588 457 658 posteri
474 587 613 642 imitantur.
648 588 687 642 Hi
701 588 772 642 lusus
788 587 932 654 infantium,
948 590 1002 644 hacc

211 664 338 734 juvenum
350 664 492 729 aemulati03
511 669 671 735 perseverant
682 684 762 719 senes.
800 664 874 735 Inter
884 665 1002 719 familiam

215 746 244 795 et
255 746 359 811 penates
371 747 398 796 et
406 745 466 811 jura
479 741 664 795 successionum
676 742 734 813 equi
745 742 893 796 traduntur:
908 742 1003 813 excipit

217 819 295 882 filius,
307 837 365 885 non,
383 823 413 872 ut
431 822 527 885 caetera,
543 818 669 873 maximus
685 824 755 885 natu,
773 818 819 873 sed
835 823 912 890 prout
929 819 1002 874 ferox

216 896 285 951 bello
298 900 324 951 et
336 895 431 949 melior.

252 974 336 1027 Juxta
358 973 494 1027 Tencteros
515 972 633 1039 Bructeri
652 972 711 1027 olim
732 972 912 1028 occurrebant:
931 967 1048 1030 nuncdd

216 1050 360 1105 Chamavos
381 1054 407 1103 et
426 1049 588 1119 Angrivarios
608 1050 766 1118 immigrisse
781 1055 905 1116 narratur,
922 1051 1002 1122 pulsia

215 1127 351 1183 Bructeris
369 1144 398 1181 ac
418 1126 518 1197 penitus
536 1126 626 1181 excisis
637 1126 775 1188 vicinarum
786 1145 910 1182 consensu
921 1129 1002 1184 natio-

215 1200 287 1270 num,
297 1222 343 1258 seu
352 1203 473 1274 superbiae
482 1202 546 1269 odio,
555 1222 601 1258 seu
612 1203 703 1273 praedae
711 1203 849 1269 dulcedine,
859 1223 904 1259 seu
915 1206 1001 1261 favore

217 1282 328 1354 quodam
340 1299 401 1351 erga
411 1298 457 1335 nos
469 1280 580 1336 deorum.
617 1282 684 1335 Nam
695 1300 727 1335 ne
743 1282 887 1353 spectaculo
899 1283 1000 1353 quidem

216 1360 299 1431 praelii
321 1358 440 1413 invidere.
484 1358 564 1429 Super
587 1358 721 1430 sexaginta
742 1359 827 1425 millia,
850 1377 903 1413 non
925 1360 1024 1415 ernist

216 1436 327 1507 telisque
344 1434 474 1499 Romanis,
490 1434 535 1489 sed
550 1434 618 1506 quod
637 1436 837 1507 magnificentius
853 1440 901 1501 est,
918 1436 1001 1491 oblec-

217 1509 312 1567 tatioui
323 1512 451 1583 oculisque
463 1512 614 1567 ceciderunt.
650 1512 762 1579 Maneat,
776 1531 868 1585 queso,
878 1512 1001 1584 duretque

218 1590 346 1663 gentibus,
357 1590 378 1644 si
387 1606 439 1643 non
448 1608 516 1643 arnor
527 1588 616 1657 nostri,
624 1593 651 1645 at
663 1594 731 1645 certe
743 1590 828 1645 odium
837 1590 885 1655 sui,
894 1591 1002 1661 quando,

219 1666 370 1739 urgentibus
390 1666 488 1737 imperii
510 1666 578 1731 fetis,
600 1666 664 1721 nihil
680 1667 733 1738 jam
756 1671 875 1739 praestare
899 1668 1003 1723 fortuna

216 1745 299 1815 majus
312 1747 398 1815 potest
410 1762 485 1815 quam
496 1744 607 1797 hostium
618 1743 774 1800 discordiam

247 1821 417 1893 ¹Angm'varios
435 1824 461 1874 et
479 1820 616 1875 Chamavos
631 1825 732 1893 atergo
747 1822 880 1893 Dulgibini
896 1824 922 1877 et
939 1820 1049 1877 ohe-34

217 1900 296 1955 suarii
308 1898 414 1953 cludunt
427 1897 530 1968 aliaeque
541 1902 631 1969 gentes
643 1899 711 1953 lrnud
722 1900 825 1971 perinde
839 1904 1002 1966 memoratae3

218 1996 234 2031 a
257 1977 340 2031 fronte
364 1974 440 2029 Frisii
464 1975 601 2045 excipiunt.
649 1976 791 2048 Majoribus
813 1976 1002 2049 minoribusque

218 2054 305 2107 Frisiis
323 2051 473 2107 vocabulum
490 2056 530 2107 est
547 2070 579 2106 ex
594 2052 670 2107 modo
687 2054 784 2108 virium.
820 2054 944 2124 Utraque
959 2072 1002 2108 na·

220 2130 301 2185 tiones
325 2148 406 2201 usque
431 2128 464 2183 ad
484 2130 613 2184 Oceanum
636 2130 728 2185 Rheno
748 2134 929 2201 pretexuntur,
951 2149 1004 2184 am-

221 2206 342 2277 biuntque
353 2206 490 2261 immensos
502 2205 606 2276 insuper
616 2205 686 2262 lacus
698 2211 725 2261 et
740 2207 863 2261 Romanis
878 2206 1002 2261 classibus

219 2283 356 2354 navigatus.
392 2282 482 2353 Ipsum
494 2280 632 2353 quinetiam
644 2283 773 2338 Oceanum
784 2284 827 2337 illa
837 2283 999 2338 tentavimus.
1010 2286 1027 2333 2

220 2362 256 2416 Et
273 2378 402 2429 superesse
419 2359 501 2415 adhuc
519 2358 638 2413 Herculis
654 2360 782 2415 columnas
797 2360 865 2414 fama
879 2360 1002 2432 vulgavit,

221 2438 272 2492 sire
291 2436 352 2491 adiit
373 2436 506 2503 Hercules,
528 2454 574 2490 seu
595 2436 714 2509 quicquid
731 2437 825 2509 ubique
841 2438 1003 2510 magnificum

221 2518 266 2576 est,
278 2513 304 2567 in
315 2514 455 2569 claritatem
467 2516 522 2583 ejus
533 2512 626 2568 reterre
640 2515 819 2570 consensimus.
853 2515 910 2570 Nec
922 2515 1027 2571 defuita

221 2590 335 2645 audentia
348 2592 434 2645 Druso
449 2590 611 2645 Germanico:
630 2590 676 2645 sed
691 2591 791 2646 obstitit
807 2593 923 2647 Oceanus
937 2593 964 2646 in
976 2611 1004 2647 se

222 2667 292 2723 simul
304 2672 379 2739 atque
391 2669 417 2723 in
431 2668 569 2723 Herculem
584 2668 684 2739 inquiri.
719 2669 783 2724 Mox
798 2688 871 2724 nemo
887 2669 1004 2737 tentavit,

221 2744 378 2815 sanctiusque
394 2762 424 2799 ac
439 2744 594 2800 reverentius
611 2746 693 2801 visum
709 2745 815 2801 deuotis
831 2746 935 2801 deorum
950 2764 1004 2799 cre·

222 2822 276 2877 dere
288 2840 362 2892 quam
374 2822 445 2877 scire.

254 2900 385 2953 Hactenus
405 2900 432 2953 in
449 2899 611 2955 Occidentem
633 2901 792 2955 Germarriem
812 2899 935 2954 numurus.
972 2900 1050 2957 11135

223 2975 419 3046 Septentrionem
442 2977 540 3047 ingenti
560 2978 628 3033 flexu
649 2977 722 3033 redit.
758 2979 797 3031 Ac
818 2977 898 3042 primo
917 2976 1003 3030 statim
