2575 3592
313 433 358 483 17⁸
637 431 758 479 ΤΛΟΙΤΙ

934 492 969 539 [Δ.
979 491 1008 529 u.
1016 492 1040 530 c.
1051 492 1099 531 sm.

288 542 398 601 teodem
413 542 511 614 impetu
526 542 618 615 potuit.
654 543 809 597 Tentaverut
826 540 929 596 interim
944 541 1034 596 Civilis
1051 541 1100 595 oh-

310 638 438 676 sessorum
456 621 561 684 enimus,
573 624 695 691 tanquam
706 619 812 691 perdite
829 618 898 689 apud
908 619 1039 673 Romanos
1055 636 1100 673 ras

310 702 336 752 et
355 698 408 753 suis
427 697 533 751 victoria
556 698 722 767 provenisset.
758 694 1007 751 Circumferebentur
1024 695 1101 766 signs

242 808 244 813 ·
309 774 466 844 vexillaque3
485 774 606 828 ostentati
624 775 701 829 etiam
716 773 819 843 captivi.
854 773 896 827 Ex
911 772 1004 843 quibus
1021 790 1100 834 nnus

310 851 439 923 egregium
451 850 550 905 fucinus
563 869 648 916 ausus,
662 850 730 906 olera
740 868 802 905 voce
813 853 887 921 geste
897 848 1027 920 patefecit,
1038 866 1103 904 con-

309 928 393 983 fossus
417 927 483 983 illico
508 946 524 982 a
548 928 697 995 Germanis3
726 927 795 983 unde
817 927 897 998 major
919 926 996 981 indici
1024 926 1099 981 fides

287 1004 391 1061 lsimnl
419 1004 563 1060 vastatione
587 1005 760 1077 incendiisque
787 1004 951 1076 flagrantium
980 1003 1103 1059 villarum

309 1080 395 1135 venire
422 1080 543 1136 victorem
571 1083 710 1137 exercitum
733 1081 935 1152 intellegebatur.
979 1080 1014 1135 In
1042 1098 1102 1136 con-

309 1164 398 1228 spectu
409 1161 549 1213 castrorum
566 1158 688 1214 constitui
700 1159 780 1230 signa,
798 1158 942 1228 fossamque
958 1162 987 1212 et
1003 1157 1103 1213 vallum

309 1234 459 1291 circumdari
469 1235 568 1291 Vocula
578 1235 667 1307 jubet:
686 1235 807 1307 depositis
824 1234 1010 1306 impedimentis
1024 1235 1104 1290 surci-

308 1311 398 1383 nisque
421 1312 532 1383 expediti
555 1317 689 1368 certarent.
737 1312 808 1367 Hinc
830 1312 858 1366 in
881 1311 973 1366 ducem
1003 1311 1102 1367 clamor

286 1402 419 1461 tpugnam
431 1388 587 1460 poscentium
595 1412 603 1455 ;
622 1393 649 1445 et
661 1389 751 1444 minari
763 1392 935 1443 assueverant.
972 1388 1016 1443 Ne
1034 1392 1100 1443 tem·

308 1484 369 1536 pore
387 1466 487 1537 quidem
504 1466 536 1521 ud
553 1466 717 1521 ordinandsm
737 1466 816 1521 aciem
834 1469 917 1535 cepto,
935 1464 1101 1536 incompositi

308 1543 418 1615 fessique
435 1542 549 1614 prelium
567 1561 706 1614 sumpsere.
741 1544 807 1596 Nam
825 1542 913 1597 Civilis
931 1540 1030 1606 aderat,
1049 1561 1100 1597 non

307 1619 392 1675 minus
416 1620 484 1675 vitiis
508 1620 620 1675 hostium
649 1638 724 1691 quam
753 1619 850 1674 virtute
873 1636 980 1673 suorum
1003 1619 1099 1673 fretrus.

285 1696 388 1752 everis
405 1697 473 1767 spud
489 1696 618 1752 Romanos
635 1696 747 1759 fortuna,
761 1700 788 1751 et
803 1695 1013 1751 seditiosissimus
1031 1697 1100 1767 qnis-

308 1792 358 1845 que
377 1774 493 1845 ignavus.
529 1774 641 1833 Quidum
660 1774 770 1830 recentis
787 1774 899 1829 victorie
916 1790 1047 1829 memores
1063 1792 1100 1829 re

307 1850 389 1905 tinere
400 1850 491 1915 locum,
504 1850 580 1907 ferire
591 1852 699 1917 hostem,
712 1869 790 1921 seque
807 1856 835 1905 et
849 1850 979 1921 proximos
990 1849 1099 1917 hortari,

307 1930 342 1994 et,
359 1926 532 1999 redintegrata
547 1928 608 1995 acie,
627 1946 718 1982 manus
737 1927 771 1982 ad
792 1926 909 1982 obsessos
928 1925 1048 1992 tendere,
1067 1946 1100 1982 ne

285 2010 300 2064 7
307 2002 416 2075 tempori
427 2003 552 2060 deessent.
588 2004 852 2061 Illieunotaemmis
863 2007 1005 2068 cernentes,
1019 2005 1100 2059 omni·
1142 2069 1143 2076 ἵ

306 2080 355 2137 bus
375 2082 456 2153 portis
475 2086 651 2153 prorumpunt.
687 2084 727 2137 hc
746 2082 814 2137 forte
835 2080 923 2136 Civilis
940 2080 1019 2151 lapsu
1038 2082 1100 2153 equi
1142 2093 1143 2128 l

306 2162 457 2231 prostratus,
475 2159 571 2215 credite
584 2178 630 2231 per
645 2163 782 2229 unumque
796 2158 938 2214 exercitum
955 2158 1027 2213 fama
1044 2160 1101 2215 vul·
1141 2175 1142 2186 ¹

305 2242 422 2293 neretum
434 2240 479 2292 ant
490 2236 661 2301 interfectum,
673 2236 781 2291 immune
793 2240 916 2307 quantum
927 2235 982 2290 suis
993 2238 1100 2306 pavoris
1141 2205 1142 2298 l

284 2319 333 2373 tet
356 2315 473 2372 hostibus
496 2314 633 2371 alacritatis
656 2314 755 2369 indidit.
790 2313 842 2369 Sed
864 2312 971 2381 Vocula,
993 2314 1100 2370 omhsis

305 2392 459 2465 fugientium
470 2395 557 2467 tergis,
569 2393 662 2448 vallum
680 2393 808 2464 turrisque
822 2396 964 2448 castrorum
975 2394 1098 2465 angebat,
1140 2427 1141 2478 ,

305 2473 426 2541 tanquam
445 2490 534 2526 rursus
557 2470 682 2527 obsidium
706 2470 855 2535 immineret,
877 2474 998 2539 compta
1018 2471 1099 2525 toties

261 2547 298 2602 85
306 2546 412 2601 victoria
421 2564 475 2602 non
485 2548 549 2603 felso
561 2552 695 2619 suspectus
709 2546 803 2602 bellum
819 2546 901 2602 melle.
938 2546 1013 2601 Nihil
1024 2565 1098 2618 aeque
1139 2565 1140 2652 i

305 2622 431 2677 exercitus
454 2629 556 2679 nostros
580 2642 656 2695 quam
679 2627 780 2695 egestas
803 2623 933 2695 copiarum
961 2623 1098 2693 fatigabat

304 2700 490 2771 Inpedimenta
507 2700 635 2772 legionum
659 2720 717 2756 cum
740 2701 835 2757 imbelli
857 2701 934 2757 turbe
953 2702 1098 2759 Novesium

304 2776 389 2841 missa,
402 2779 432 2831 ut
445 2775 502 2831 inde
514 2779 630 2833 terrestri
641 2778 733 2833 itinere
749 2778 907 2833 frumentum
921 2778 1096 2835 adveherent:
1138 2773 1139 2826 l

282 2866 364 2914 snum
382 2852 486 2907 flumine
504 2852 591 2908 hostes
608 2854 779 2925 potiebantur.
813 2856 928 2910 Primum
944 2872 1041 2927 agmen
1055 2875 1097 2910 se·
1137 2893 1138 2906 .

304 2944 394 2983 enum
416 2928 528 2995 incessu
548 2929 661 2985 nonnum
681 2931 743 2986 saus
761 2932 835 2987 firmo
854 2932 942 2988 οἰήια.
979 2932 1033 2997 our
1050 2932 1098 2988 uu
1137 2919 1138 3002 l

1136 3057 1138 3176 l

305 3020 406 3061 mrsnm
426 3005 516 3061 missos
535 3004 676 3063 Novesium
693 3007 900 3077 frumentatores,
924 3009 1050 3080 conque
1067 3009 1096 3065 in
