2575 3592
319 340 367 391 270
654 343 773 394 TACl'l'I

319 452 418 507 hostilis
430 456 557 509 exercitus
574 454 666 509 itinera
680 454 842 520 timebantur,
861 401 1056 526 portudAcleisb
1065 407 1112 511 8eii-

320 531 445 600 ploravit;
464 551 527 602 quae,
546 531 577 585 ab
596 531 716 602 Agricola
733 531 841 602 primum
858 537 992 603 assumpta
1008 534 1036 588 iu
1055 551 1111 604 par

320 612 372 660 tem
385 608 483 672 virium,
497 607 650 678 sequebatur
665 609 767 679 egregia
778 609 869 678 specie,
882 628 940 664 cum
952 610 1031 664 simul
1042 614 1111 664 terra

321 683 397 738 simul
408 685 471 737 mari
482 683 575 739 bellum
592 685 772 754 impelleretur,
784 703 813 740 ao
829 704 896 756 slepe
912 685 1004 740 iisdem
1020 688 1112 742 castris
1135 673 1136 744 l

223 769 229 782 '
321 760 398 830 pedes
410 779 535 832 equesque
549 765 577 815 et
594 762 712 816 nauticus
729 761 808 827 miles,
821 763 896 817 mixti
912 763 992 833 copiis
1010 767 1040 818 et
1052 763 1112 818 laeti-
1135 759 1136 790 l

322 837 366 902 tia,
379 856 425 892 ena
442 837 549 908 quisque
565 837 642 905 facta,
654 857 714 892 suos
732 857 806 894 cesus
824 839 976 905 attollerent,
990 858 1021 894 aa
1039 840 1112 894 modo

322 914 441 968 silvarum
459 932 488 968 ac
505 915 628 968 montium
644 915 776 985 profunda,
793 917 867 970 modo
883 920 1070 987 tempestatum
1086 935 1111 970 ac
1135 949 1136 952 =

321 991 445 1044 fluctuum
458 989 568 1056 adversa,
577 991 635 1046 hinc
648 995 717 1046 terra
728 996 755 1046 et
766 993 855 1058 hostis,
865 993 924 1047 hinc
935 993 1022 1048 victus
1036 994 1111 1048 Ocea

298 1079 378 1134 anus,
390 1067 492 1122 militari
507 1068 629 1139 jactantia
647 1074 858 1139 compararentur.
893 1069 1034 1124 Britannos
1052 1087 1112 1140 quo-

323 1162 379 1216 que,
395 1148 425 1198 nt
440 1163 475 1198 ex
492 1144 598 1214 captivis
616 1144 774 1210 audiebatur,
792 1146 846 1200 visa
863 1144 949 1200 dassia
966 1145 1111 1217 obstupefa-

323 1221 413 1288 oiebat,
436 1227 565 1292 tanquam,
589 1225 677 1292 aperto
701 1221 777 1276 maris
801 1222 842 1276 sui
866 1226 970 1287 secreto,
993 1223 1110 1277 ultimum

300 1298 397 1353 tristis
410 1298 553 1369 perfugium
565 1297 732 1352 clauderetur.
768 1299 810 1352 Ad
822 1317 910 1352 manus
927 1303 953 1354 et
969 1317 1042 1353 arma
1053 1317 1109 1354 oon·

293 1407 295 1410 >
323 1376 389 1430 versi
402 1374 562 1430 Caledoniam
579 1375 717 1430 incolentes
730 1376 824 1446 populi,
837 1379 927 1446 paratu
942 1393 1045 1446 magno,
1059 1395 1110 1430 ma-

320 1455 378 1521 jore
397 1453 473 1516 fama,
488 1451 529 1506 uti
545 1469 600 1505 mos
619 1455 660 1505 est
681 1439 712 1505 de
732 1452 834 1523 ignotis,
853 1452 1015 1523 oppugnisse
1037 1453 1110 1518 ultm,
1135 1503 1136 1530 Ξ

323 1529 427 1584 castella
443 1528 526 1583 adorti
542 1531 639 1582 metum
656 1531 686 1582 ut
704 1533 869 1599 provocantes
888 1527 1040 1583 addiderant
1049 1549 1057 1594 ς
1074 1547 1113 1583 re-
1135 1533 1136 1546 ¹

323 1604 536 1676 grediendumque
548 1604 613 1659 citra
627 1603 782 1670 Bodotriam,
795 1609 822 1660 et
836 1604 1009 1660 excedendum
1026 1606 1111 1676 potius
1135 1637 1136 1640 =

323 1700 398 1752 quam
406 1680 567 1752 pellerentur,
576 1681 754 1753 ignavispecie
763 1681 924 1752 prudentium
933 1680 1110 1746 admonebant,

323 1776 382 1813 cum
392 1758 493 1812 interim
504 1759 634 1829 cognoscit
646 1758 732 1813 hostes
744 1757 858 1830 pluribus
870 1757 1014 1829 agminibus
1027 1759 1109 1828 irrup-

298 1837 403 1888 4turos.
439 1836 478 1888 Ao
497 1853 530 1888 ne
550 1838 686 1905 superante
708 1853 813 1890 nomem
836 1838 863 1889 et
883 1834 975 1906 peritia
997 1834 1110 1890 locorum

323 1909 506 1976 circumiretur,
518 1909 598 1964 diviso
615 1913 641 1964 et
658 1910 713 1980 ipse
730 1911 758 1966 in
773 1915 826 1966 tres
844 1915 929 1982 partes
944 1911 1063 1966 exercitu
1077 1912 1110 1966 ia·

277 1988 409 2047 fficessit.
445 1987 523 2047 Quod
533 1987 578 2042 ubi
589 1987 720 2059 cognitum
735 1989 811 2054 hosti,
825 1992 923 2042 mutuo
935 1993 1045 2058 repente
1057 2007 1110 2044 con·
1135 2039 1136 2042 ,

324 2065 388 2130 silio,
408 2064 521 2120 universi
539 2083 631 2119 nonam
651 2063 776 2136 legionem
796 2068 826 2120 ut
846 2065 955 2119 maxime
975 2065 1110 2120 invalidam
1135 2075 1136 2120 i

322 2147 398 2198 nocte
415 2141 536 2214 aggressi,
554 2142 622 2198 inter
642 2159 758 2196 somnum
776 2160 805 2198 oo
823 2141 1021 2212 trepidationem
1040 2144 1108 2198 euris

301 2219 440 2290 rvigffibus
451 2219 573 2290 irrupere.
606 2218 715 2288 Jamque
726 2218 754 2274 iu
764 2217 828 2288 ipsis
839 2218 928 2273 castris
940 2219 1108 2290 pugnabatur,

323 2313 382 2350 cum
398 2294 522 2367 Agricola,
539 2294 589 2349 iter
605 2293 718 2348 hostium
736 2294 768 2350 ab
786 2294 988 2364 exploratoribus
1007 2295 1109 2352 edootm

324 2375 351 2425 et
362 2372 476 2443 vestigiis
488 2372 625 2435 insecutus,
640 2370 809 2426 velocissimos
821 2371 934 2442 equiturn
947 2371 1109 2444 peditumque

324 2447 447 2502 assultare
458 2449 537 2519 tergis
550 2447 717 2518 pugnantium
725 2447 808 2516 jubet,
817 2465 877 2502 mox
888 2446 920 2502 ab
931 2447 1059 2504 universis
1071 2448 1110 2503 ad·
1135 2461 1136 2548 q

301 2521 368 2594 ejici
385 2523 526 2579 clamorem.
561 2524 596 2577 Ilt
614 2523 754 2594 propinqua
770 2523 827 2579 luce
842 2523 934 2578 fulsere
953 2524 1034 2595 signa
1072 2526 1110 2580 lta
1135 2567 1136 2578 ,

324 2597 428 2668 ancipiti
448 2599 513 2653 malo
531 2599 615 2654 territi
631 2598 764 2666 Britanni3
789 2604 816 2654 et
834 2599 956 2654 Romanis
973 2600 1043 2655 radit
1062 2603 1110 2656 ani-
1135 2607 1136 2628 ¹

324 2693 389 2739 mus,
408 2691 437 2728 ac
454 2674 536 2728 securi
552 2693 598 2744 pro
615 2675 697 2730 salute
714 2675 745 2730 de
761 2675 843 2746 gloria
858 2675 998 2732 oertabaut.
1035 2678 1110 2733 Ultm

324 2750 386 2820 quin
408 2750 485 2804 ctiam
505 2767 627 2819 empere;
645 2755 673 2806 et
693 2751 742 2807 fuit
764 2757 838 2808 atrox
857 2753 885 2808 in
900 2752 962 2824 ipsis
980 2757 1110 2824 portarum

324 2825 448 2894 ongmtiis
460 2823 582 2896 praelium,
594 2825 674 2882 donec
685 2828 752 2898 pulsi
763 2829 858 2895 hostes,
871 2833 980 2901 utroque
998 2833 1109 2886 exercitu

324 2903 445 2968 certante,
460 2900 508 2965 bis,
523 2904 554 2954 ut
571 2901 661 2958 tulisse
677 2921 759 2976 opem,
775 2905 833 2972 illis,
850 2924 883 2962 ne
899 2905 1001 2978 eguisse
1018 2908 1108 2962 auxilio
1135 2881 1136 2964 l
