<?xml version="1.0" encoding="UTF-8"?>
<!DOCTYPE html PUBLIC "-//W3C//DTD XHTML 1.0 Transitional//EN"
    "http://www.w3.org/TR/xhtml1/DTD/xhtml1-transitional.dtd">
<html xmlns="http://www.w3.org/1999/xhtml" xml:lang="en" lang="en">
 <head>
  <title>
</title>
<meta http-equiv="Content-Type" content="text/html;charset=utf-8" />
  <meta name='ocr-system' content='tesseract 3.04.00' />
  <meta name='ocr-capabilities' content='ocr_page ocr_carea ocr_par ocr_line ocrx_word'/>
</head>
<body>
  <div class='ocr_page' id='page_1' title='image "./operaomniaadfid00tacigoog_0257.png"; bbox 0 0 2575 3592; ppageno 0'>
   <div class='ocr_carea' id='block_1_1' title="bbox 450 436 995 486">
    <p class='ocr_par' dir='ltr' id='par_1_1' title="bbox 450 436 995 486">
     <span class='ocr_line' id='line_1_1' title="bbox 450 436 995 486; baseline 0 0"><span class='ocrx_word' id='word_1_1' title='bbox 450 436 643 486; x_wconf 75' lang='lat' dir='ltr'>Genusum</span> <span class='ocrx_word' id='word_1_2' title='bbox 663 439 764 486; x_wconf 78' lang='lat'><strong>39-43.</strong></span> <span class='ocrx_word' id='word_1_3' title='bbox 951 439 995 486; x_wconf 79' lang='lat'>251</span> 
     </span>
    </p>
   </div>
   <div class='ocr_carea' id='block_1_2' title="bbox 205 545 1077 2537">
    <p class='ocr_par' dir='ltr' id='par_1_2' title="bbox 207 545 1041 1305">
     <span class='ocr_line' id='line_1_2' title="bbox 245 545 1041 621; baseline -0.006 -14"><span class='ocrx_word' id='word_1_4' title='bbox 245 551 281 607; x_wconf 78' lang='lat' dir='ltr'>Mt</span> <span class='ocrx_word' id='word_1_5' title='bbox 289 549 342 606; x_wconf 79' lang='lat' dir='ltr'>brec</span> <span class='ocrx_word' id='word_1_6' title='bbox 350 548 451 621; x_wconf 91' lang='lat' dir='ltr'>quidem</span> <span class='ocrx_word' id='word_1_7' title='bbox 459 568 517 620; x_wconf 90' lang='lat' dir='ltr'>pars</span> <span class='ocrx_word' id='word_1_8' title='bbox 526 549 666 604; x_wconf 79' lang='lat' dir='ltr'>Suevornm</span> <span class='ocrx_word' id='word_1_9' title='bbox 675 548 702 604; x_wconf 91' lang='lat' dir='ltr'>in</span> <span class='ocrx_word' id='word_1_10' title='bbox 711 548 847 604; x_wconf 77' lang='lat' dir='ltr'>secretiora</span> <span class='ocrx_word' id='word_1_11' title='bbox 859 547 997 604; x_wconf 78' lang='lat' dir='ltr'>Germania</span> <span class='ocrx_word' id='word_1_12' title='bbox 1006 545 1041 602; x_wconf 82' lang='lat'>41</span> 
     </span>
     <span class='ocr_line' id='line_1_3' title="bbox 208 625 996 700; baseline -0.004 -18"><span class='ocrx_word' id='word_1_13' title='bbox 208 627 356 700; x_wconf 79' lang='lat' dir='ltr'>porrigitur.</span> <span class='ocrx_word' id='word_1_14' title='bbox 390 627 497 696; x_wconf 87' lang='lat' dir='ltr'>Propior</span> <span class='ocrx_word' id='word_1_15' title='bbox 509 627 556 693; x_wconf 88' lang='lat' dir='ltr'>(ut,</span> <span class='ocrx_word' id='word_1_16' title='bbox 569 627 696 696; x_wconf 91' lang='lat' dir='ltr'>quomodo</span> <span class='ocrx_word' id='word_1_17' title='bbox 712 626 788 696; x_wconf 91' lang='lat' dir='ltr'>paulo</span> <span class='ocrx_word' id='word_1_18' title='bbox 801 629 859 680; x_wconf 89' lang='lat' dir='ltr'>aute</span> <span class='ocrx_word' id='word_1_19' title='bbox 870 625 996 690; x_wconf 83' lang='lat' dir='ltr'>Rhenum,</span> 
     </span>
     <span class='ocr_line' id='line_1_4' title="bbox 208 702 997 773; baseline -0.005 -13"><span class='ocrx_word' id='word_1_20' title='bbox 208 706 248 760; x_wconf 87' lang='lat' dir='ltr'>sio</span> <span class='ocrx_word' id='word_1_21' title='bbox 263 722 331 760; x_wconf 90' lang='lat' dir='ltr'>nuuc</span> <span class='ocrx_word' id='word_1_22' title='bbox 348 703 495 758; x_wconf 80' lang='lat' dir='ltr'>Danubium</span> <span class='ocrx_word' id='word_1_23' title='bbox 512 704 620 773; x_wconf 68' lang='lat' dir='ltr'>sequan)</span> <span class='ocrx_word' id='word_1_24' title='bbox 639 703 881 757; x_wconf 84' lang='lat' dir='ltr'>Hermundurorum</span> <span class='ocrx_word' id='word_1_25' title='bbox 901 702 997 768; x_wconf 83' lang='lat' dir='ltr'>civitas,</span> 
     </span>
     <span class='ocr_line' id='line_1_5' title="bbox 208 779 998 850; baseline -0.003 -14"><span class='ocrx_word' id='word_1_26' title='bbox 208 781 261 836; x_wconf 88' lang='lat' dir='ltr'>fida</span> <span class='ocrx_word' id='word_1_27' title='bbox 284 781 423 846; x_wconf 80' lang='lat' dir='ltr'>Romanis3</span> <span class='ocrx_word' id='word_1_28' title='bbox 442 797 522 849; x_wconf 86' lang='lat' dir='ltr'>eoque</span> <span class='ocrx_word' id='word_1_29' title='bbox 542 779 601 834; x_wconf 87' lang='lat' dir='ltr'>solis</span> <span class='ocrx_word' id='word_1_30' title='bbox 622 779 804 834; x_wconf 88' lang='lat' dir='ltr'>Germanorum</span> <span class='ocrx_word' id='word_1_31' title='bbox 827 797 879 834; x_wconf 92' lang='lat' dir='ltr'>uon</span> <span class='ocrx_word' id='word_1_32' title='bbox 898 779 926 833; x_wconf 93' lang='lat' dir='ltr'>in</span> <span class='ocrx_word' id='word_1_33' title='bbox 944 779 998 850; x_wconf 87' lang='lat' dir='ltr'>ripa</span> 
     </span>
     <span class='ocr_line' id='line_1_6' title="bbox 208 855 998 927; baseline -0.003 -14"><span class='ocrx_word' id='word_1_34' title='bbox 208 857 393 920; x_wconf 89' lang='lat' dir='ltr'>commercium,</span> <span class='ocrx_word' id='word_1_35' title='bbox 404 855 448 910; x_wconf 87' lang='lat' dir='ltr'>sed</span> <span class='ocrx_word' id='word_1_36' title='bbox 459 855 568 926; x_wconf 84' lang='lat' dir='ltr'>penitus,</span> <span class='ocrx_word' id='word_1_37' title='bbox 579 859 655 926; x_wconf 88' lang='lat' dir='ltr'>atque</span> <span class='ocrx_word' id='word_1_38' title='bbox 664 856 691 910; x_wconf 89' lang='lat' dir='ltr'>in</span> <span class='ocrx_word' id='word_1_39' title='bbox 700 855 900 927; x_wconf 85' lang='lat' dir='ltr'>splendidissima</span> <span class='ocrx_word' id='word_1_40' title='bbox 908 855 998 911; x_wconf 69' lang='lat' dir='ltr'>Batia</span> 
     </span>
     <span class='ocr_line' id='line_1_7' title="bbox 207 932 1021 1005; baseline -0.005 -17"><span class='ocrx_word' id='word_1_41' title='bbox 207 934 344 1005; x_wconf 75' lang='lat' dir='ltr'>provinciae</span> <span class='ocrx_word' id='word_1_42' title='bbox 356 932 460 987; x_wconf 87' lang='lat' dir='ltr'>colonia.</span> <span class='ocrx_word' id='word_1_43' title='bbox 494 932 593 986; x_wconf 91' lang='lat' dir='ltr'>Passim</span> <span class='ocrx_word' id='word_1_44' title='bbox 606 932 661 987; x_wconf 91' lang='lat' dir='ltr'>sine</span> <span class='ocrx_word' id='word_1_45' title='bbox 672 933 778 988; x_wconf 88' lang='lat' dir='ltr'>custode</span> <span class='ocrx_word' id='word_1_46' title='bbox 793 936 943 998; x_wconf 88' lang='lat' dir='ltr'>transeuut;</span> <span class='ocrx_word' id='word_1_47' title='bbox 962 936 995 998; x_wconf 91' lang='lat' dir='ltr'>et,</span> <span class='ocrx_word' id='word_1_48' title='bbox 1006 939 1021 984; x_wconf 82' lang='lat'>2</span> 
     </span>
     <span class='ocr_line' id='line_1_8' title="bbox 208 1008 997 1082; baseline -0.003 -16"><span class='ocrx_word' id='word_1_49' title='bbox 208 1029 268 1066; x_wconf 90' lang='lat' dir='ltr'>cum</span> <span class='ocrx_word' id='word_1_50' title='bbox 284 1009 382 1065; x_wconf 75' lang='lat' dir='ltr'>ceteris</span> <span class='ocrx_word' id='word_1_51' title='bbox 399 1008 517 1080; x_wconf 83' lang='lat' dir='ltr'>gentibus</span> <span class='ocrx_word' id='word_1_52' title='bbox 533 1027 602 1063; x_wconf 87' lang='lat' dir='ltr'>arma</span> <span class='ocrx_word' id='word_1_53' title='bbox 616 1009 692 1064; x_wconf 91' lang='lat' dir='ltr'>modo</span> <span class='ocrx_word' id='word_1_54' title='bbox 708 1014 841 1082; x_wconf 84' lang='lat' dir='ltr'>castraque</span> <span class='ocrx_word' id='word_1_55' title='bbox 856 1013 944 1064; x_wconf 87' lang='lat' dir='ltr'>nostra</span> <span class='ocrx_word' id='word_1_56' title='bbox 959 1027 997 1064; x_wconf 93' lang='lat' dir='ltr'>os-</span> 
     </span>
     <span class='ocr_line' id='line_1_9' title="bbox 207 1085 997 1156; baseline 0 -16"><span class='ocrx_word' id='word_1_57' title='bbox 207 1085 351 1150; x_wconf 78' lang='lat' dir='ltr'>tendamus,</span> <span class='ocrx_word' id='word_1_58' title='bbox 371 1086 412 1140; x_wconf 92' lang='lat' dir='ltr'>his</span> <span class='ocrx_word' id='word_1_59' title='bbox 432 1086 520 1140; x_wconf 90' lang='lat' dir='ltr'>domos</span> <span class='ocrx_word' id='word_1_60' title='bbox 539 1085 662 1156; x_wconf 82' lang='lat' dir='ltr'>villasque</span> <span class='ocrx_word' id='word_1_61' title='bbox 682 1086 846 1156; x_wconf 80' lang='lat' dir='ltr'>patefecimus</span> <span class='ocrx_word' id='word_1_62' title='bbox 866 1105 918 1141; x_wconf 92' lang='lat' dir='ltr'>non</span> <span class='ocrx_word' id='word_1_63' title='bbox 938 1104 997 1141; x_wconf 91' lang='lat' dir='ltr'>cou-</span> 
     </span>
     <span class='ocr_line' id='line_1_10' title="bbox 208 1161 998 1233; baseline 0.003 -17"><span class='ocrx_word' id='word_1_64' title='bbox 208 1162 404 1233; x_wconf 87' lang='lat' dir='ltr'>cupiscentibus.</span> <span class='ocrx_word' id='word_1_65' title='bbox 441 1164 472 1217; x_wconf 92' lang='lat' dir='ltr'>Iu</span> <span class='ocrx_word' id='word_1_66' title='bbox 492 1161 679 1217; x_wconf 86' lang='lat' dir='ltr'>Hermunduris</span> <span class='ocrx_word' id='word_1_67' title='bbox 700 1163 773 1222; x_wconf 86' lang='lat' dir='ltr'>Albis</span> <span class='ocrx_word' id='word_1_68' title='bbox 794 1163 882 1228; x_wconf 87' lang='lat' dir='ltr'>oritur,</span> <span class='ocrx_word' id='word_1_69' title='bbox 903 1164 998 1218; x_wconf 84' lang='lat' dir='ltr'>flumen</span> 
     </span>
     <span class='ocr_line' id='line_1_11' title="bbox 208 1239 866 1305; baseline 0 -12"><span class='ocrx_word' id='word_1_70' title='bbox 208 1240 325 1294; x_wconf 89' lang='lat' dir='ltr'>inolitum</span> <span class='ocrx_word' id='word_1_71' title='bbox 336 1245 363 1294; x_wconf 91' lang='lat' dir='ltr'>et</span> <span class='ocrx_word' id='word_1_72' title='bbox 374 1244 463 1293; x_wconf 87' lang='lat' dir='ltr'>notum</span> <span class='ocrx_word' id='word_1_73' title='bbox 473 1240 548 1305; x_wconf 82' lang='lat' dir='ltr'>olim3</span> <span class='ocrx_word' id='word_1_74' title='bbox 566 1257 634 1294; x_wconf 91' lang='lat' dir='ltr'>nunc</span> <span class='ocrx_word' id='word_1_75' title='bbox 644 1243 745 1293; x_wconf 85' lang='lat' dir='ltr'>tantum</span> <span class='ocrx_word' id='word_1_76' title='bbox 757 1239 866 1294; x_wconf 88' lang='lat' dir='ltr'>auditur.</span> 
     </span>
    </p>

    <p class='ocr_par' dir='ltr' id='par_1_3' title="bbox 205 1315 1043 2076">
     <span class='ocr_line' id='line_1_12' title="bbox 244 1315 1043 1381; baseline 0.004 -11"><span class='ocrx_word' id='word_1_77' title='bbox 244 1317 326 1371; x_wconf 85' lang='lat' dir='ltr'>Juxta</span> <span class='ocrx_word' id='word_1_78' title='bbox 334 1315 529 1370; x_wconf 86' lang='lat' dir='ltr'>Hermunduros</span> <span class='ocrx_word' id='word_1_79' title='bbox 541 1316 651 1381; x_wconf 87' lang='lat' dir='ltr'>Narisci,</span> <span class='ocrx_word' id='word_1_80' title='bbox 662 1335 691 1371; x_wconf 88' lang='lat' dir='ltr'>ac</span> <span class='ocrx_word' id='word_1_81' title='bbox 701 1315 791 1372; x_wconf 90' lang='lat' dir='ltr'>deiude</span> <span class='ocrx_word' id='word_1_82' title='bbox 804 1315 961 1371; x_wconf 84' lang='lat' dir='ltr'>Marcomani</span> <span class='ocrx_word' id='word_1_83' title='bbox 969 1320 995 1372; x_wconf 90' lang='lat' dir='ltr'>et</span> <span class='ocrx_word' id='word_1_84' title='bbox 1005 1319 1043 1372; x_wconf 75' lang='lat'>42</span> 
     </span>
     <span class='ocr_line' id='line_1_13' title="bbox 208 1392 996 1464; baseline -0.003 -13"><span class='ocrx_word' id='word_1_85' title='bbox 208 1392 294 1451; x_wconf 77' lang='lat' dir='ltr'>Quadi</span> <span class='ocrx_word' id='word_1_86' title='bbox 310 1398 398 1464; x_wconf 80' lang='lat' dir='ltr'>agunt.</span> <span class='ocrx_word' id='word_1_87' title='bbox 434 1393 567 1462; x_wconf 79' lang='lat' dir='ltr'>Pracipua</span> <span class='ocrx_word' id='word_1_88' title='bbox 585 1393 803 1448; x_wconf 80' lang='lat' dir='ltr'>Marcomanorum</span> <span class='ocrx_word' id='word_1_89' title='bbox 823 1392 903 1464; x_wconf 83' lang='lat' dir='ltr'>gloria</span> <span class='ocrx_word' id='word_1_90' title='bbox 921 1393 996 1449; x_wconf 87' lang='lat' dir='ltr'>vires·</span> 
     </span>
     <span class='ocr_line' id='line_1_14' title="bbox 208 1468 996 1540; baseline 0 -16"><span class='ocrx_word' id='word_1_91' title='bbox 208 1487 265 1539; x_wconf 90' lang='lat' dir='ltr'>que,</span> <span class='ocrx_word' id='word_1_92' title='bbox 281 1473 357 1539; x_wconf 86' lang='lat' dir='ltr'>atque</span> <span class='ocrx_word' id='word_1_93' title='bbox 372 1469 428 1540; x_wconf 87' lang='lat' dir='ltr'>ipsa</span> <span class='ocrx_word' id='word_1_94' title='bbox 443 1469 519 1524; x_wconf 87' lang='lat' dir='ltr'>etiam</span> <span class='ocrx_word' id='word_1_95' title='bbox 536 1469 616 1537; x_wconf 90' lang='lat' dir='ltr'>sedes,</span> <span class='ocrx_word' id='word_1_96' title='bbox 632 1469 712 1540; x_wconf 90' lang='lat' dir='ltr'>pulsis</span> <span class='ocrx_word' id='word_1_97' title='bbox 728 1469 787 1523; x_wconf 92' lang='lat' dir='ltr'>olim</span> <span class='ocrx_word' id='word_1_98' title='bbox 804 1469 883 1534; x_wconf 89' lang='lat' dir='ltr'>Boiis,</span> <span class='ocrx_word' id='word_1_99' title='bbox 901 1468 996 1524; x_wconf 84' lang='lat' dir='ltr'>virtute</span> 
     </span>
     <span class='ocr_line' id='line_1_15' title="bbox 207 1545 1021 1618; baseline -0.001 -19"><span class='ocrx_word' id='word_1_100' title='bbox 207 1549 288 1616; x_wconf 83' lang='lat' dir='ltr'>parta</span> <span class='ocrx_word' id='word_1_101' title='bbox 324 1545 381 1600; x_wconf 88' lang='lat' dir='ltr'>Nec</span> <span class='ocrx_word' id='word_1_102' title='bbox 392 1545 494 1602; x_wconf 88' lang='lat' dir='ltr'>Narisei</span> <span class='ocrx_word' id='word_1_103' title='bbox 505 1545 621 1607; x_wconf 77' lang='lat' dir='ltr'>Quadive</span> <span class='ocrx_word' id='word_1_104' title='bbox 637 1545 800 1618; x_wconf 87' lang='lat' dir='ltr'>degenerant.</span> <span class='ocrx_word' id='word_1_105' title='bbox 835 1546 923 1616; x_wconf 82' lang='lat' dir='ltr'>anue</span> <span class='ocrx_word' id='word_1_106' title='bbox 936 1545 1021 1600; x_wconf 82' lang='lat' dir='ltr'>Ger-2</span> 
     </span>
     <span class='ocr_line' id='line_1_16' title="bbox 207 1621 994 1694; baseline 0 -18"><span class='ocrx_word' id='word_1_107' title='bbox 207 1621 297 1676; x_wconf 78' lang='lat' dir='ltr'>mania</span> <span class='ocrx_word' id='word_1_108' title='bbox 317 1621 387 1676; x_wconf 85' lang='lat' dir='ltr'>velut</span> <span class='ocrx_word' id='word_1_109' title='bbox 409 1622 479 1677; x_wconf 85' lang='lat' dir='ltr'>frons</span> <span class='ocrx_word' id='word_1_110' title='bbox 503 1628 551 1689; x_wconf 88' lang='lat' dir='ltr'>est,</span> <span class='ocrx_word' id='word_1_111' title='bbox 571 1626 696 1694; x_wconf 83' lang='lat' dir='ltr'>quatenus</span> <span class='ocrx_word' id='word_1_112' title='bbox 717 1621 835 1677; x_wconf 90' lang='lat' dir='ltr'>Danubio</span> <span class='ocrx_word' id='word_1_113' title='bbox 858 1621 994 1693; x_wconf 82' lang='lat' dir='ltr'>peragitur.</span> 
     </span>
     <span class='ocr_line' id='line_1_17' title="bbox 207 1697 997 1771; baseline 0 -19"><span class='ocrx_word' id='word_1_114' title='bbox 207 1697 377 1752; x_wconf 88' lang='lat' dir='ltr'>Marcomanis</span> <span class='ocrx_word' id='word_1_115' title='bbox 398 1698 545 1770; x_wconf 78' lang='lat' dir='ltr'>Quadisque</span> <span class='ocrx_word' id='word_1_116' title='bbox 565 1718 647 1771; x_wconf 90' lang='lat' dir='ltr'>usquc</span> <span class='ocrx_word' id='word_1_117' title='bbox 668 1699 700 1754; x_wconf 87' lang='lat' dir='ltr'>ad</span> <span class='ocrx_word' id='word_1_118' title='bbox 719 1708 831 1754; x_wconf 87' lang='lat' dir='ltr'>nostram</span> <span class='ocrx_word' id='word_1_119' title='bbox 851 1699 997 1754; x_wconf 87' lang='lat' dir='ltr'>memoriam</span> 
     </span>
     <span class='ocr_line' id='line_1_18' title="bbox 206 1774 998 1847; baseline 0.003 -19"><span class='ocrx_word' id='word_1_120' title='bbox 206 1793 280 1845; x_wconf 87' lang='lat' dir='ltr'>reges</span> <span class='ocrx_word' id='word_1_121' title='bbox 297 1780 444 1830; x_wconf 89' lang='lat' dir='ltr'>mansenmt</span> <span class='ocrx_word' id='word_1_122' title='bbox 462 1794 495 1830; x_wconf 85' lang='lat' dir='ltr'>ex</span> <span class='ocrx_word' id='word_1_123' title='bbox 509 1781 586 1847; x_wconf 85' lang='lat' dir='ltr'>gente</span> <span class='ocrx_word' id='word_1_124' title='bbox 602 1777 724 1846; x_wconf 87' lang='lat' dir='ltr'>ipsorum,</span> <span class='ocrx_word' id='word_1_125' title='bbox 743 1775 827 1830; x_wconf 88' lang='lat' dir='ltr'>nobile</span> <span class='ocrx_word' id='word_1_126' title='bbox 844 1774 998 1831; x_wconf 85' lang='lat' dir='ltr'>Marobodui</span> 
     </span>
     <span class='ocr_line' id='line_1_19' title="bbox 206 1850 1019 1923; baseline 0.005 -19"><span class='ocrx_word' id='word_1_127' title='bbox 206 1855 234 1904; x_wconf 92' lang='lat' dir='ltr'>et</span> <span class='ocrx_word' id='word_1_128' title='bbox 245 1850 325 1905; x_wconf 74' lang='lat' dir='ltr'>Tudri</span> <span class='ocrx_word' id='word_1_129' title='bbox 335 1869 432 1922; x_wconf 85' lang='lat' dir='ltr'>genus:</span> <span class='ocrx_word' id='word_1_130' title='bbox 447 1855 502 1922; x_wconf 86' lang='lat' dir='ltr'>jam</span> <span class='ocrx_word' id='word_1_131' title='bbox 513 1857 540 1908; x_wconf 92' lang='lat' dir='ltr'>et</span> <span class='ocrx_word' id='word_1_132' title='bbox 548 1857 667 1908; x_wconf 84' lang='lat' dir='ltr'>externos</span> <span class='ocrx_word' id='word_1_133' title='bbox 679 1853 821 1923; x_wconf 87' lang='lat' dir='ltr'>patiuntur.</span> <span class='ocrx_word' id='word_1_134' title='bbox 858 1851 908 1908; x_wconf 87' lang='lat' dir='ltr'>Sed</span> <span class='ocrx_word' id='word_1_135' title='bbox 918 1852 957 1908; x_wconf 86' lang='lat' dir='ltr'>vis</span> <span class='ocrx_word' id='word_1_136' title='bbox 969 1858 1019 1908; x_wconf 68' lang='lat' dir='ltr'>eta</span> 
     </span>
     <span class='ocr_line' id='line_1_20' title="bbox 205 1927 996 2000; baseline 0.005 -19"><span class='ocrx_word' id='word_1_137' title='bbox 205 1928 321 1998; x_wconf 90' lang='lat' dir='ltr'>potentia</span> <span class='ocrx_word' id='word_1_138' title='bbox 337 1927 440 2000; x_wconf 85' lang='lat' dir='ltr'>regibus</span> <span class='ocrx_word' id='word_1_139' title='bbox 457 1947 490 1984; x_wconf 82' lang='lat' dir='ltr'>ex</span> <span class='ocrx_word' id='word_1_140' title='bbox 506 1929 657 1984; x_wconf 82' lang='lat' dir='ltr'>auctoritate</span> <span class='ocrx_word' id='word_1_141' title='bbox 675 1929 796 1984; x_wconf 88' lang='lat' dir='ltr'>Romana.</span> <span class='ocrx_word' id='word_1_142' title='bbox 832 1929 902 1984; x_wconf 86' lang='lat' dir='ltr'>Raro</span> <span class='ocrx_word' id='word_1_143' title='bbox 920 1931 996 1986; x_wconf 86' lang='lat' dir='ltr'>armis</span> 
     </span>
     <span class='ocr_line' id='line_1_21' title="bbox 205 2005 925 2076; baseline 0.006 -18"><span class='ocrx_word' id='word_1_144' title='bbox 205 2005 307 2070; x_wconf 88' lang='lat' dir='ltr'>nostris,</span> <span class='ocrx_word' id='word_1_145' title='bbox 320 2005 412 2075; x_wconf 80' lang='lat' dir='ltr'>sepius</span> <span class='ocrx_word' id='word_1_146' title='bbox 423 2007 530 2076; x_wconf 89' lang='lat' dir='ltr'>pecunia</span> <span class='ocrx_word' id='word_1_147' title='bbox 536 2009 667 2076; x_wconf 82' lang='lat' dir='ltr'>jurantur,</span> <span class='ocrx_word' id='word_1_148' title='bbox 679 2025 726 2061; x_wconf 92' lang='lat' dir='ltr'>uec</span> <span class='ocrx_word' id='word_1_149' title='bbox 737 2007 821 2060; x_wconf 90' lang='lat' dir='ltr'>miuus</span> <span class='ocrx_word' id='word_1_150' title='bbox 833 2007 925 2062; x_wconf 87' lang='lat' dir='ltr'>valent.</span> 
     </span>
    </p>

    <p class='ocr_par' dir='ltr' id='par_1_4' title="bbox 205 2081 1077 2537">
     <span class='ocr_line' id='line_1_22' title="bbox 241 2081 1042 2154; baseline 0.009 -19"><span class='ocrx_word' id='word_1_151' title='bbox 241 2081 323 2135; x_wconf 84' lang='lat' dir='ltr'>Retro</span> <span class='ocrx_word' id='word_1_152' title='bbox 338 2081 471 2154; x_wconf 79' lang='lat' dir='ltr'>Marsigni,</span> <span class='ocrx_word' id='word_1_153' title='bbox 488 2083 600 2148; x_wconf 85' lang='lat' dir='ltr'>Gothini,</span> <span class='ocrx_word' id='word_1_154' title='bbox 617 2083 671 2148; x_wconf 88' lang='lat' dir='ltr'>Osi,</span> <span class='ocrx_word' id='word_1_155' title='bbox 686 2083 749 2136; x_wconf 90' lang='lat' dir='ltr'>Buri</span> <span class='ocrx_word' id='word_1_156' title='bbox 765 2087 839 2154; x_wconf 85' lang='lat' dir='ltr'>terga</span> <span class='ocrx_word' id='word_1_157' title='bbox 853 2083 994 2138; x_wconf 87' lang='lat' dir='ltr'>Marcoma-</span> <span class='ocrx_word' id='word_1_158' title='bbox 1004 2089 1042 2142; x_wconf 77' lang='grc'>43</span> 
     </span>
     <span class='ocr_line' id='line_1_23' title="bbox 207 2158 1077 2230; baseline 0.005 -20"><span class='ocrx_word' id='word_1_159' title='bbox 207 2174 297 2212; x_wconf 89' lang='lat' dir='ltr'>uorum</span> <span class='ocrx_word' id='word_1_160' title='bbox 309 2158 506 2230; x_wconf 80' lang='lat' dir='ltr'>Quadorumque</span> <span class='ocrx_word' id='word_1_161' title='bbox 520 2159 649 2214; x_wconf 87' lang='lat' dir='ltr'>claudunt.</span> <span class='ocrx_word' id='word_1_162' title='bbox 684 2159 815 2229; x_wconf 78' lang='lat' dir='ltr'>Equibus</span> <span class='ocrx_word' id='word_1_163' title='bbox 827 2158 952 2229; x_wconf 83' lang='lat' dir='ltr'>Marsigni</span> <span class='ocrx_word' id='word_1_164' title='bbox 968 2165 994 2214; x_wconf 91' lang='lat' dir='ltr'>et</span> <span class='ocrx_word' id='word_1_165' title='bbox 1072 2169 1077 2181; x_wconf 90' lang='grc'><em>“</em></span> 
     </span>
     <span class='ocr_line' id='line_1_24' title="bbox 206 2233 994 2307; baseline 0.003 -19"><span class='ocrx_word' id='word_1_166' title='bbox 206 2233 272 2288; x_wconf 91' lang='lat' dir='ltr'>Buri</span> <span class='ocrx_word' id='word_1_167' title='bbox 283 2252 397 2290; x_wconf 89' lang='lat' dir='ltr'>sermone</span> <span class='ocrx_word' id='word_1_168' title='bbox 408 2236 529 2307; x_wconf 89' lang='lat' dir='ltr'>cultuque</span> <span class='ocrx_word' id='word_1_169' title='bbox 542 2237 638 2291; x_wconf 85' lang='lat' dir='ltr'>Suevos</span> <span class='ocrx_word' id='word_1_170' title='bbox 650 2236 762 2290; x_wconf 83' lang='lat' dir='ltr'>referunt</span> <span class='ocrx_word' id='word_1_171' title='bbox 774 2259 780 2290; x_wconf 72' lang='grc' dir='ltr'><strong><em>ι</em></strong></span> <span class='ocrx_word' id='word_1_172' title='bbox 800 2235 923 2290; x_wconf 84' lang='lat' dir='ltr'>Gothinos</span> <span class='ocrx_word' id='word_1_173' title='bbox 936 2237 994 2290; x_wconf 83' lang='lat' dir='ltr'>Gai-</span> 
     </span>
     <span class='ocr_line' id='line_1_25' title="bbox 205 2310 1073 2384; baseline 0.005 -20"><span class='ocrx_word' id='word_1_174' title='bbox 205 2310 264 2375; x_wconf 88' lang='lat' dir='ltr'>lica,</span> <span class='ocrx_word' id='word_1_175' title='bbox 288 2311 354 2366; x_wconf 90' lang='lat' dir='ltr'>Osos</span> <span class='ocrx_word' id='word_1_176' title='bbox 376 2313 522 2368; x_wconf 90' lang='lat' dir='ltr'>Pannonica</span> <span class='ocrx_word' id='word_1_177' title='bbox 540 2313 767 2384; x_wconf 26' lang='lat' dir='ltr'>lingua-coarguit</span> <span class='ocrx_word' id='word_1_178' title='bbox 786 2330 838 2366; x_wconf 92' lang='lat' dir='ltr'>nou</span> <span class='ocrx_word' id='word_1_179' title='bbox 857 2330 912 2366; x_wconf 90' lang='lat' dir='ltr'>esse</span> <span class='ocrx_word' id='word_1_180' title='bbox 934 2314 995 2368; x_wconf 87' lang='lat' dir='ltr'>Ger·</span> <span class='ocrx_word' id='word_1_181' title='bbox 1064 2362 1073 2378; x_wconf 77' lang='grc'><em>,</em></span> 
     </span>
     <span class='ocr_line' id='line_1_26' title="bbox 205 2387 1019 2460; baseline 0.006 -19"><span class='ocrx_word' id='word_1_182' title='bbox 205 2405 303 2452; x_wconf 85' lang='lat' dir='ltr'>manos,</span> <span class='ocrx_word' id='word_1_183' title='bbox 315 2392 342 2443; x_wconf 91' lang='lat' dir='ltr'>et</span> <span class='ocrx_word' id='word_1_184' title='bbox 354 2389 421 2460; x_wconf 92' lang='lat' dir='ltr'>quod</span> <span class='ocrx_word' id='word_1_185' title='bbox 435 2389 533 2444; x_wconf 85' lang='lat' dir='ltr'>tributa</span> <span class='ocrx_word' id='word_1_186' title='bbox 547 2389 687 2460; x_wconf 89' lang='lat' dir='ltr'>patiuntur.</span> <span class='ocrx_word' id='word_1_187' title='bbox 723 2389 824 2443; x_wconf 87' lang='lat' dir='ltr'>Partem</span> <span class='ocrx_word' id='word_1_188' title='bbox 840 2387 1019 2446; x_wconf 71' lang='lat' dir='ltr'>tributorumt</span> 
     </span>
     <span class='ocr_line' id='line_1_27' title="bbox 206 2465 995 2537; baseline 0.009 -20"><span class='ocrx_word' id='word_1_189' title='bbox 206 2466 336 2531; x_wconf 75' lang='lat' dir='ltr'>Sarmata,</span> <span class='ocrx_word' id='word_1_190' title='bbox 351 2471 448 2536; x_wconf 88' lang='lat' dir='ltr'>partem</span> <span class='ocrx_word' id='word_1_191' title='bbox 465 2465 550 2524; x_wconf 78' lang='lat' dir='ltr'>Quadi</span> <span class='ocrx_word' id='word_1_192' title='bbox 561 2471 591 2520; x_wconf 93' lang='lat' dir='ltr'>ut</span> <span class='ocrx_word' id='word_1_193' title='bbox 607 2465 752 2536; x_wconf 84' lang='lat' dir='ltr'>alienigenis</span> <span class='ocrx_word' id='word_1_194' title='bbox 768 2466 907 2537; x_wconf 88' lang='lat' dir='ltr'>imponunt.</span> <span class='ocrx_word' id='word_1_195' title='bbox 945 2469 995 2523; x_wconf 86' lang='lat' dir='ltr'>Go-</span> 
     </span>
    </p>
   </div>
   <div class='ocr_carea' id='block_1_3' title="bbox 147 2540 1027 3070">
    <p class='ocr_par' dir='ltr' id='par_1_5' title="bbox 147 2540 1027 3070">
     <span class='ocr_line' id='line_1_28' title="bbox 205 2540 995 2616; baseline 0.008 -21"><span class='ocrx_word' id='word_1_196' title='bbox 205 2540 280 2606; x_wconf 87' lang='lat' dir='ltr'>tbini,</span> <span class='ocrx_word' id='word_1_197' title='bbox 291 2560 341 2612; x_wconf 93' lang='lat' dir='ltr'>quo</span> <span class='ocrx_word' id='word_1_198' title='bbox 349 2543 429 2614; x_wconf 72' lang='lat' dir='ltr'>magis</span> <span class='ocrx_word' id='word_1_199' title='bbox 438 2542 539 2614; x_wconf 87' lang='lat' dir='ltr'>pudeat,</span> <span class='ocrx_word' id='word_1_200' title='bbox 550 2549 576 2597; x_wconf 89' lang='lat' dir='ltr'>et</span> <span class='ocrx_word' id='word_1_201' title='bbox 585 2543 680 2598; x_wconf 89' lang='lat' dir='ltr'>ferrum</span> <span class='ocrx_word' id='word_1_202' title='bbox 689 2543 818 2598; x_wconf 86' lang='lat' dir='ltr'>effodiunt.</span> <span class='ocrx_word' id='word_1_203' title='bbox 851 2543 995 2616; x_wconf 84' lang='lat' dir='ltr'>Omnesque</span> 
     </span>
     <span class='ocr_line' id='line_1_29' title="bbox 206 2619 1027 2690; baseline 0.005 -18"><span class='ocrx_word' id='word_1_204' title='bbox 206 2619 234 2672; x_wconf 92' lang='lat' dir='ltr'>hi</span> <span class='ocrx_word' id='word_1_205' title='bbox 246 2619 333 2689; x_wconf 90' lang='lat' dir='ltr'>populi</span> <span class='ocrx_word' id='word_1_206' title='bbox 343 2637 423 2690; x_wconf 85' lang='lat' dir='ltr'>pauca</span> <span class='ocrx_word' id='word_1_207' title='bbox 434 2620 619 2690; x_wconf 88' lang='lat' dir='ltr'>campestrium,</span> <span class='ocrx_word' id='word_1_208' title='bbox 630 2623 750 2674; x_wconf 73' lang='lat' dir='ltr'>caeterum</span> <span class='ocrx_word' id='word_1_209' title='bbox 762 2619 840 2675; x_wconf 88' lang='lat' dir='ltr'>saltus</span> <span class='ocrx_word' id='word_1_210' title='bbox 849 2625 875 2676; x_wconf 90' lang='lat' dir='ltr'>et</span> <span class='ocrx_word' id='word_1_211' title='bbox 887 2622 994 2677; x_wconf 88' lang='lat' dir='ltr'>vertices</span> <span class='ocrx_word' id='word_1_212' title='bbox 1024 2676 1027 2684; x_wconf 81' lang='grc'>,</span> 
     </span>
     <span class='ocr_line' id='line_1_30' title="bbox 206 2695 1018 2767; baseline 0.002 -19"><span class='ocrx_word' id='word_1_213' title='bbox 206 2695 332 2749; x_wconf 87' lang='lat' dir='ltr'>montium</span> <span class='ocrx_word' id='word_1_214' title='bbox 350 2696 514 2767; x_wconf 83' lang='lat' dir='ltr'>[jugumque]</span> <span class='ocrx_word' id='word_1_215' title='bbox 534 2695 688 2751; x_wconf 88' lang='lat' dir='ltr'>insederunt.</span> <span class='ocrx_word' id='word_1_216' title='bbox 724 2695 826 2751; x_wconf 90' lang='lat' dir='ltr'>Dirimit</span> <span class='ocrx_word' id='word_1_217' title='bbox 844 2697 910 2752; x_wconf 90' lang='lat' dir='ltr'>enim</span> <span class='ocrx_word' id='word_1_218' title='bbox 929 2698 1018 2752; x_wconf 80' lang='lat' dir='ltr'>scin-3</span> 
     </span>
     <span class='ocr_line' id='line_1_31' title="bbox 206 2771 995 2844; baseline 0.001 -18"><span class='ocrx_word' id='word_1_219' title='bbox 206 2771 294 2841; x_wconf 89' lang='lat' dir='ltr'>ditque</span> <span class='ocrx_word' id='word_1_220' title='bbox 306 2771 423 2839; x_wconf 78' lang='lat' dir='ltr'>Sueviam</span> <span class='ocrx_word' id='word_1_221' title='bbox 434 2774 581 2828; x_wconf 90' lang='lat' dir='ltr'>continuum</span> <span class='ocrx_word' id='word_1_222' title='bbox 597 2773 722 2827; x_wconf 92' lang='lat' dir='ltr'>montium</span> <span class='ocrx_word' id='word_1_223' title='bbox 731 2776 830 2844; x_wconf 86' lang='lat' dir='ltr'>jugum,</span> <span class='ocrx_word' id='word_1_224' title='bbox 843 2775 911 2829; x_wconf 89' lang='lat' dir='ltr'>ultra</span> <span class='ocrx_word' id='word_1_225' title='bbox 927 2773 995 2844; x_wconf 92' lang='lat' dir='ltr'>quod</span> 
     </span>
     <span class='ocr_line' id='line_1_32' title="bbox 147 2847 994 2922; baseline 0.001 -19"><span class='ocrx_word' id='word_1_226' title='bbox 147 2875 151 2880; x_wconf 94' lang='lat'><em>·</em></span> <span class='ocrx_word' id='word_1_227' title='bbox 205 2847 320 2918; x_wconf 75' lang='lat' dir='ltr'>plurima</span> <span class='ocrx_word' id='word_1_228' title='bbox 335 2853 425 2920; x_wconf 84' lang='lat' dir='ltr'>gentes</span> <span class='ocrx_word' id='word_1_229' title='bbox 436 2853 524 2921; x_wconf 86' lang='lat' dir='ltr'>agunt.</span> <span class='ocrx_word' id='word_1_230' title='bbox 559 2849 600 2904; x_wconf 81' lang='lat' dir='ltr'>Ex</span> <span class='ocrx_word' id='word_1_231' title='bbox 617 2849 840 2921; x_wconf 86' lang='lat' dir='ltr'>quihnslatissime</span> <span class='ocrx_word' id='word_1_232' title='bbox 856 2855 934 2922; x_wconf 87' lang='lat' dir='ltr'>patet,</span> <span class='ocrx_word' id='word_1_233' title='bbox 952 2850 994 2904; x_wconf 88' lang='lat' dir='ltr'>Li·</span> 
     </span>
     <span class='ocr_line' id='line_1_33' title="bbox 204 2923 995 2997; baseline 0.003 -19"><span class='ocrx_word' id='word_1_234' title='bbox 204 2923 307 2996; x_wconf 86' lang='lat' dir='ltr'>giorum</span> <span class='ocrx_word' id='word_1_235' title='bbox 321 2943 413 2980; x_wconf 92' lang='lat' dir='ltr'>nomen</span> <span class='ocrx_word' id='word_1_236' title='bbox 428 2926 456 2980; x_wconf 91' lang='lat' dir='ltr'>in</span> <span class='ocrx_word' id='word_1_237' title='bbox 472 2926 557 2997; x_wconf 87' lang='lat' dir='ltr'>plures</span> <span class='ocrx_word' id='word_1_238' title='bbox 573 2926 689 2982; x_wconf 83' lang='lat' dir='ltr'>civitates</span> <span class='ocrx_word' id='word_1_239' title='bbox 706 2926 832 2982; x_wconf 84' lang='lat' dir='ltr'>diffusum.</span> <span class='ocrx_word' id='word_1_240' title='bbox 868 2926 995 2980; x_wconf 88' lang='lat' dir='ltr'>Valentis·</span> 
     </span>
     <span class='ocr_line' id='line_1_34' title="bbox 205 3003 992 3070; baseline 0 -12"><span class='ocrx_word' id='word_1_241' title='bbox 205 3003 283 3058; x_wconf 78' lang='lat' dir='ltr'>sirum</span> <span class='ocrx_word' id='word_1_242' title='bbox 294 3004 437 3060; x_wconf 71' lang='lat' dir='ltr'>nominasse</span> <span class='ocrx_word' id='word_1_243' title='bbox 445 3004 560 3070; x_wconf 89' lang='lat' dir='ltr'>sufficiet,</span> <span class='ocrx_word' id='word_1_244' title='bbox 568 3004 671 3070; x_wconf 80' lang='lat' dir='ltr'>Herios,</span> <span class='ocrx_word' id='word_1_245' title='bbox 681 3005 848 3069; x_wconf 85' lang='lat' dir='ltr'>Helveconas,</span> <span class='ocrx_word' id='word_1_246' title='bbox 858 3003 992 3069; x_wconf 90' lang='lat' dir='ltr'>Mauimos,</span> 
     </span>
    </p>
   </div>
   <div class='ocr_carea' id='block_1_4' title="bbox 0 0 1292 3592">
    <p class='ocr_par' dir='ltr' id='par_1_6' title="bbox 0 0 1292 3592">
     <span class='ocr_line' id='line_1_35' title="bbox 0 0 1292 3592; baseline 0 1"><span class='ocrx_word' id='word_1_247' title='bbox 0 0 1292 3592; x_wconf 95' lang='lat' dir='ltr'> </span> 
     </span>
    </p>
   </div>
  </div>
 </body>
</html>
