2575 3592
200 472 226 510 A·
236 471 262 510 D·
273 472 314 520 69¹]
386 409 639 458 HISTORIARUM
658 409 695 458 II.
713 407 816 456 32-36.
958 407 985 458 71

194 539 226 576 ac
239 521 340 586 Valens,
354 520 455 592 quaudo
466 522 548 577 hostis
557 520 730 593 imprudentia
747 520 841 584 rueret,
855 516 925 588 quod
933 516 989 572 locu

193 598 327 669 sapientiae
334 604 381 663 est,
392 599 498 653 alienam
510 599 647 653 stultitiam
656 595 859 670 opperiebantur,
869 594 988 649 inchoato

192 680 274 746 ponte
292 676 428 729 transitum
449 675 513 730 Padi
536 675 684 730 simulantes
703 673 824 728 adversus
847 673 988 744 oppositam

192 751 363 823 gladiatorum
378 771 488 817 manum,
504 770 534 807 ac
550 771 583 807 ue
597 753 712 824 ipsorum
728 750 799 806 miles
818 767 896 821 segne
908 750 990 803 otium

192 833 297 883 tereret.
333 831 418 884 Nares
438 830 494 900 pari
511 829 579 884 inter
599 848 627 885 se
648 829 738 900 spatio,
759 826 849 883 validis
868 827 1012 896 utrinquet
1033 863 1038 874 .

192 905 310 960 trabibus
330 923 457 971 1011110111,
479 905 613 961 adversum
642 906 671 961 in
693 906 788 960 flumen
806 903 988 976 dirigebantur,

191 982 272 1054 jactis
284 1001 361 1054 super
372 983 478 1048 ancoris,
498 1002 554 1055 qua
565 983 712 1038 firmitatem
724 981 809 1053 pontis
821 981 989 1036 continerent.

194 1059 247 1115 Sed
263 1078 412 1114 anurrarum
429 1060 502 1114 funes
518 1079 570 1114 nou
582 1061 682 1115 extenti
693 1059 836 1124 fluitabant,
849 1065 887 1126 ut,
900 1075 991 1129 auges·

192 1141 271 1192 cente
293 1137 404 1202 flumine,
434 1137 572 1192 inoffensus
603 1137 666 1191 crdo
696 1136 798 1190 navium
822 1135 989 1190 attolleretur.

196 1213 339 1269 claudebat
368 1220 472 1285 pontem
500 1214 620 1286 imposita
642 1213 722 1270 turris
751 1216 778 1268 et
801 1213 828 1267 in
851 1218 1014 1268 extremaml

195 1287 287 1347 navem
304 1289 403 1356 educta,
420 1290 488 1346 unde
504 1292 638 1346 tormentis
655 1309 685 1346 ec
696 1290 818 1346 machinis
834 1291 920 1344 hostes
933 1307 991 1360 pro·

195 1369 367 1440 pulsarentur.
402 1368 542 1424 Othoniani
574 1369 603 1423 in
639 1369 696 1440 ripa
719 1367 811 1422 turrim
835 1371 988 1432 struxerant,

196 1463 309 1515 saraque
333 1450 360 1500 et
383 1445 450 1500 faces
469 1445 654 1517 jaculabantur.
690 1445 727 1500 Et
745 1448 800 1498 erat
818 1443 901 1498 insula
918 1443 1035 1498 aniue35

195 1522 289 1586 medic,
302 1521 329 1576 in
341 1540 415 1592 quam
427 1522 590 1594 gladiatores,
601 1521 708 1578 navibus
720 1521 860 1586 molientes,
871 1520 991 1576 Germani

196 1599 282 1655 nando
302 1599 512 1670 prolabebantur.
546 1601 587 1672 Ac
611 1600 679 1654 forte
702 1599 788 1670 plures
808 1602 989 1670 transgressos,

196 1678 331 1749 completis
349 1678 502 1744 Liburnicis,
524 1696 570 1749 per
592 1677 796 1750 promptissimos
821 1677 990 1749 gladiatorum

196 1756 288 1811 Macer
299 1755 453 1827 aggreditur.
490 1755 541 1810 Sed
552 1773 634 1826 neque
645 1773 677 1810 ea
688 1755 831 1810 constantia
845 1753 1013 1826 gladiatori-2

195 1833 246 1888 bus
262 1832 295 1886 ad
312 1832 399 1904 praeha
414 1851 470 1903 quae
485 1832 608 1888 militibus
616 1855 624 1898 ;
650 1851 697 1888 uec
714 1831 818 1904 perinde
836 1835 956 1886 nutantes
975 1849 989 1886 e

196 1909 306 1964 navibus
323 1927 400 1980 quam
420 1909 506 1964 stabili
520 1909 602 1981 gradu
619 1928 634 1964 e
648 1909 704 1980 ripa
721 1909 826 1964 11111011
841 1907 991 1980 dirigebant.

196 1987 233 2043 Et
241 2005 300 2042 cum
308 1986 385 2041 variis
396 1986 578 2057 trepidantium
586 1986 791 2042 inclinationibus
800 1987 875 2040 mixti
883 1985 1013 2057 remiges3

196 2066 452 2136 propugnatoresque
470 2063 643 2132 turbarentur,
664 2063 766 2118 desilire
785 2063 813 2118 iu
835 2061 900 2118 vada
922 2062 991 2116 ultro

198 2141 327 2206 Germani,
347 2144 475 2196 retentare
494 2158 600 2212 puppes,
625 2141 746 2196 scandere
767 2141 842 2205 soros,
863 2143 991 2194 11100111-

197 2217 283 2272 minus
312 2236 434 2288 mergere.
482 2218 548 2278 Qua.
577 2221 670 2272 cuncta
695 2218 722 2272 in
752 2217 834 2272 oculis
859 2217 1015 2286 utriusquei

198 2294 335 2359 exercitus,
349 2299 444 2366 quanto
455 2294 553 2350 latiora
562 2294 715 2360 Vitellianis,
733 2297 806 2349 tanto
818 2294 900 2348 aerim
912 2293 992 2348 Otho

197 2372 269 2427 niani
292 2380 395 2426 eausam
418 2377 597 2444 auctoremque
621 2371 699 2426 cladis
723 2371 921 2427 detestabantur.
956 2371 1037 2429 11136

198 2448 316 2520 praelium
328 2449 437 2520 quidem,
453 2449 564 2520 abreptis
577 2467 633 2520 qua
644 2452 794 2520 supererant
805 2448 919 2518 navibus,
931 2449 993 2520 fuga

200 2526 371 2596 diremptum:
396 2527 485 2581 Macer
504 2529 541 2581 ad
559 2526 667 2580 exitium
689 2526 848 2597 poscebatur.
884 2527 1016 2598 Jamquea

201 2603 362 2658 vulneratum
386 2603 484 2658 eminus
502 2604 591 2658 lancea
613 2603 710 2658 strictis
733 2604 823 2676 gladiis
841 2603 992 2672 inhacerant,
1064 2598 1066 2607 ’

201 2697 261 2733 cum
272 2681 416 2735 intercursu
427 2681 588 2736 tribunorum
602 2681 829 2753 centurionumque
841 2681 992 2753 protegitur.

202 2756 260 2810 Nec
282 2757 363 2812 multo
386 2764 446 2829 post
468 2757 612 2813 Vestricius
633 2759 760 2828 Spurinna
778 2760 852 2829 jussu
875 2758 1016 2823 Othonis,8

202 2833 291 2888 relicto
302 2834 439 2890 Placentiae
450 2835 549 2891 modico
566 2834 692 2906 prasidio,
705 2853 762 2891 cum
777 2835 923 2892 cohortibus
936 2834 993 2888 sub·

202 2910 281 2964 venit.
316 2912 385 2967 Dein
400 2912 516 2967 Flavium
533 2912 663 2977 Sabinum,
680 2912 809 2968 consulem
826 2912 1018 2982 designatnnr,4

202 2989 274 3044 Otho
296 2993 422 3046 rectorem
439 2989 518 3061 copiis
536 2989 605 3045 misit
623 2989 718 3072 quibus¹
739 2990 828 3044 Macer
850 2987 992 3058 praefuerat,
