2575 3592
294 373 327 420 24
621 369 741 418 TACITI

918 429 954 479 [r.
964 430 991 470 u.
1001 431 1023 468 o.
1032 429 1081 470 aaa.

292 487 368 544 modo
384 504 446 543 voce
461 486 583 543 verbodo
595 487 624 542 in
638 506 667 543 se
680 505 847 559 percussores,
867 505 1009 558 quanquam
1025 487 1083 542 vril-

271 570 381 622 2nerato
401 565 488 619 Pisoni
507 565 628 637 effugium
647 565 724 620 dedit.
761 565 821 619 Piso
839 565 867 618 iu
890 563 969 619 aedem
991 564 1083 620 Vesta

250 672 254 679 ·
292 641 412 714 pervasit,
425 646 596 713 exceptusque
611 641 783 697 misericordia
794 641 888 713 publici
899 641 966 696 servi
977 644 1003 696 et
1022 659 1082 696 con-

291 718 411 774 tubernio
423 719 478 790 ejus
490 719 598 785 abditus,
610 738 663 774 nou
679 719 799 790 religione
815 737 862 774 nec
873 717 1021 774 cerimoniis
1034 717 1083 774 sod

293 795 391 851 latebra
415 795 547 852 imminens
576 796 683 852 exitium
711 795 849 861 differebat,
875 813 934 852 cum
956 795 1083 851 advenere

293 873 374 928 missu
398 873 515 938 Othonis,
539 873 689 928 nominatim
711 873 739 928 in
762 873 855 928 caedem
875 873 930 944 ejus
953 871 1081 938 ardentes,

295 951 420 1023 Sulpicius
431 951 545 1007 Floruse
556 951 710 1008 Britannicis
722 951 876 1016 cohortibus,
884 970 964 1022 nuper
975 971 992 1006 a
1000 951 1084 1006 Galba

294 1028 520 1096 civitatedonatus‚
529 1033 555 1084 et
565 1030 663 1084 Statius
671 1031 777 1084 Murcus
790 1029 945 1100 speculatum
964 1027 1081 1099 aquibus

248 1108 437 1177 44protractus
456 1099 516 1160 Pis'o
529 1105 558 1161 in
575 1106 673 1162 foribus
689 1105 778 1176 templi
789 1105 939 1161 trucidatur.
975 1105 1083 1160 Nullam

293 1183 387 1238 coedem
398 1183 468 1238 Otho
479 1183 573 1255 majore
583 1183 673 1238 laetitia
684 1183 818 1254 excepisse,
831 1182 928 1237 nullum
939 1186 1016 1254 caput
1027 1189 1082 1238 tam

293 1260 476 1316 insatiabilibus
484 1261 564 1315 oculis
571 1261 738 1331 perlustrasse
745 1259 845 1325 dicitur,
854 1264 962 1314 sentum
969 1259 1084 1330 primum

293 1337 376 1393 levata
386 1337 454 1392 omui
471 1337 640 1392 sollicitudine
657 1355 727 1392 mens
744 1355 833 1392 vacere
850 1335 942 1408 gaudio
960 1340 1080 1407 ooeperut,

294 1433 341 1469 seu
347 1415 486 1470 recordatio
497 1415 636 1486 majestatis
644 1415 672 1469 in
681 1413 767 1480 Galba,
776 1415 891 1470 amicitie
900 1414 927 1469 in
934 1413 993 1468 Tito
1001 1413 1082 1468 Vinio

295 1493 409 1563 quamvis
430 1492 551 1547 immitem
570 1492 681 1549 animum
702 1491 810 1563 imagine
827 1491 897 1546 tristi
914 1490 1081 1546 confuderat:
1145 1475 1146 1494 ¹

295 1569 395 1625 Pisonis
406 1574 436 1624 ut
447 1569 543 1624 inimiici
553 1573 580 1624 et
593 1569 676 1624 amuli
694 1568 761 1624 cede
777 1569 857 1624 letari
866 1569 909 1640 jus
927 1568 1015 1639 fasque
1027 1586 1083 1623 cre-

272 1646 377 1702 2debat.
412 1647 520 1701 Praehxu
535 1647 618 1702 contis
634 1646 718 1716 capita
735 1646 907 1718 gestabantur,
924 1646 991 1701 inter
1008 1645 1083 1716 sigua
1145 1663 1146 1728 p

294 1724 442 1789 cohortium,
458 1723 534 1794 juxta
546 1724 654 1795 aquilam
666 1723 778 1794 legionis,
797 1723 912 1778 certatim
930 1723 1083 1778 ostentanti·

1145 1931 1146 1960 l

1145 2293 1146 2336 l

1145 2359 1146 2388 l

294 1800 342 1856 bus
354 1807 472 1856 cruentas
480 1819 569 1856 manus
578 1802 623 1872 qui
634 1801 785 1866 occiderant,
799 1801 843 1872 qui
854 1800 1028 1868 interfuerant,
1037 1799 1083 1869 qui

294 1896 353 1932 vere
365 1878 409 1949 qui
420 1877 483 1932 falso
495 1881 525 1932 ut
537 1877 670 1948 pulchrmn
687 1881 713 1932 et
725 1877 884 1932 memorabile
896 1877 993 1932 facinus
1002 1875 1082 1950 jacta·

273 1953 364 2011 abant.
399 1954 491 2009 Plures
509 1973 584 2025 quam
601 1958 704 2010 centum
722 1955 815 2026 viginti
835 1953 931 2010 libellos
951 1951 1084 2026 premium

294 2031 484 2102 exposcentium
507 2031 540 2086 ob
564 2031 673 2102 aliquam
692 2031 829 2086 notabilem
849 2031 893 2086 illa
916 2031 956 2086 dio
979 2049 1081 2102 operam

294 2110 413 2166 Vitellius
425 2114 514 2181 postea
524 2110 638 2174 iuvenit;
656 2128 792 2182 omnesque
802 2110 917 2182 conquiri
931 2114 957 2164 et
973 2109 1083 2164 interfici

291 2187 376 2260 jussit,
390 2206 443 2242 non
456 2187 551 2242 honore
563 2186 657 2253 Galba,
675 2187 720 2242 scd
731 2187 825 2242 tradito
838 2186 991 2258 principibus
1002 2204 1080 2252 more,

294 2265 477 2320 munimentum
489 2264 522 2320 ad
532 2283 652 2336 presens,
662 2264 689 2318 in
701 2270 831 2336 postemm
842 2263 972 2319 ultionem.

248 2352 288 2406 45
328 2342 415 2397 Alium
437 2341 552 2398 crederes
576 2345 700 2407 senatum,
722 2341 799 2396 ulium
821 2340 950 2412 populum.
995 2339 1082 2395 Ruerc
1145 2395 1146 2412 ,

294 2419 380 2475 cuncti
391 2419 419 2473 in
430 2423 520 2485 costra,
533 2419 629 2474 anteire
644 2418 778 2490 proximos,
792 2423 889 2474 certare
903 2436 961 2472 cum
972 2433 1082 2488 praecur·

293 2496 416 2562 rentibus,
434 2496 563 2567 inerepare
582 2496 695 2562 Galbam,
712 2495 814 2551 laudare
830 2495 939 2550 militum
949 2493 1080 2566 judicium,

294 2573 435 2630 exosculari
462 2573 571 2628 Othonis
594 2591 713 2640 manum3
744 2577 888 2644 quantoque
915 2572 995 2644 magis
1018 2571 1082 2626 false

272 2655 366 2718 perant
374 2649 539 2720 quatiebant,
550 2654 622 2705 tanto
631 2649 800 2721 pluralacere.
836 2647 1081 2720 Necuspemabatur

294 2726 407 2799 singulos
431 2727 508 2793 Otho,
530 2727 632 2781 avidum
653 2732 680 2782 et
701 2727 824 2782 minacem
843 2726 953 2781 militum
972 2725 1081 2780 animum

273 2823 356 2872 proce
374 2804 498 2876 vultuque
517 2807 669 2876 temperans.
704 2803 817 2858 Marium
834 2803 937 2859 Celsum
954 2802 1081 2858 consulem

294 2881 456 2953 designatum
475 2885 503 2936 et
520 2881 606 2937 Galbae
623 2899 705 2951 usquc
722 2880 749 2936 in
766 2884 892 2936 extremas
912 2898 953 2934 res
974 2879 1081 2934 amicum

294 2956 423 3030 fidumque
439 2960 476 3014 ad
493 2957 645 3030 supplicium
661 2956 864 3028 expostulabant,
882 2955 1013 3012 industrio
1027 2955 1081 3028 ejus
