2575 3592
184 488 213 526 A
220 487 247 525 D
259 484 302 534 ⁶9]
363 422 615 470 HISTORIARUM
633 423 677 470 IV.
696 423 799 473 24—27.
933 422 978 473 173

184 538 260 593 enixe
269 532 408 605 juvabant:
427 552 498 602 mox,-
494 533 630 589 ·tvalescen
631 532 688 588 ibus
701 532 832 589 Germanis
833 531 978 664 ,pleraeque

184 614 305 667 civitates
335 610 469 665 adversum
480 628 527 665 nos
551 615 631 665 armat
629 629 655 665 ee
678 629 723 681 spe
747 573 857 665 libertdt'
838 615 872 664 trs
896 615 930 675 et,
955 610 978 665 si

184 690 317 760 ornassent
341 688 479 753 servitium,
504 668 651 759 cupidide'
643 687 812 759 amperitandi.
849 652 1001 752 Gliscdbat4

184 766 316 823 iracundia
327 764 462 836 legionum,
480 783 527 820 nec
545 769 668 819 terrorem
679 765 755 819 unius
772 764 846 819 milit
826 768 861 819 trs
877 764 979 819 vincula

184 844 337 901 indiderant.
375 842 447 920 Quin
469 841 537 897 idem
555 842 597 897 ille
618 842 741 913 arguebat
729 841 829 896 tultro
850 841 978 896 conscien-

185 923 250 978 tiam
261 920 340 985 ducis,
354 924 475 989 tanquam
486 919 592 973 nuntius
609 918 677 973 iuter
689 918 797 973 Civilem
809 918 978 989 Flaccumque

185 1000 252 1055 falso
275 997 379 1055 crimine
402 996 477 1051 testis
501 996 555 1051 veri
571 996 775 1127 topprimeretur
823 994 999 1050 Conscendit5

184 1074 299 1131 tribunal
310 1074 409 1129 Vocula
426 1073 490 1127 mira
508 1077 582 1127 const
584 1092 616 1127 an
617 1073 661 1139 tia,
682 1091 853 1144 prensumque
871 1072 978 1127 militem

184 1173 218 1211 ae
240 1154 421 1209 vociferantem
441 1151 501 1206 duci
521 1150 553 1205 ad
564 1151 750 1241 supplicium
738 1150 826 1221 jussit.
806 1150 897 1206 tta
916 1150 979 1206 dum

184 1231 248 1287 mali
269 1235 371 1301 pavent,
395 1230 506 1301 optimus
528 1229 634 1300 quisque
655 1227 734 1299 jussis
757 1246 870 1298 paruere.
909 1228 979 1283 Exin

186 1328 314 1366 consensu
336 1308 426 1365 docem
445 1308 569 1363 Voculam
593 1306 764 1378 poscentibus,
783 1305 889 1361 blaccus
912 1325 978 1361 sum·
1024 1356 1025 1359 ,

186 1404 257 1442 nram
272 1404 356 1440 rerum
374 1385 398 1441 ei
414 1384 536 1456 permisit.
516 1383 624 1439 seed
639 1382 767 1440 discordes
783 1384 880 1437 animm
897 1383 1022 1438 multabfi

187 1462 335 1533 effepabant,
347 1462 432 1533 inopia
443 1460 563 1533 stipendii
578 1460 757 1531 frumentique,
771 1463 798 1514 et
810 1459 886 1514 simul
899 1459 976 1515 delec

187 1544 248 1594 tum
265 1538 408 1609 tributaque
426 1539 513 1594 Gallia
531 1545 703 1609 aspernantem,
720 1537 827 1592 Rbenns
850 1536 980 1609 incognita

190 1616 230 1673 illi
241 1615 302 1682 celo
317 1615 432 1671 siccitate
443 1616 487 1671 vix
497 1609 724 1686 naviumpatiens,
734 1614 799 1672 arcti
816 1619 978 1679 commeatus,

188 1693 318 1765 disposite
335 1711 381 1764 per
398 1711 497 1748 omnem
514 1692 595 1763 ripam
615 1691 747 1759 stationes,
766 1710 822 1763 quoe
840 1692 980 1747 Germanos

187 1770 254 1827 vado
273 1774 396 1843 arcerent,
417 1770 553 1841 eademque
574 1768 606 1823 de
629 1786 707 1824 causa
726 1768 809 1823 minna
829 1769 931 1839 frugem
952 1772 979 1824 et

187 1848 274 1921 plnres
286 1848 331 1919 qni
342 1850 528 1903 consumerent.
564 1846 641 1917 Apud
657 1846 789 1917 imperitos
802 1845 912 1919 prodigii
923 1846 1001 1902 locon

188 1924 360 1997 accipiebatur
371 1924 427 1995 ipsa
439 1942 561 1995 aquarum
578 1924 691 1995 penuria,
703 1926 823 1994 tanquam
834 1942 881 1979 nos
893 1942 979 1979 amnes

188 2022 290 2075 qnoque
302 2007 328 2059 et
335 2006 423 2059 vetera
433 2002 532 2073 imperii
542 2002 700 2071 munimenta
711 2001 865 2057 desererent.
901 2002 980 2062 Quod

187 2080 218 2137 in
229 2099 290 2151 paee
301 2081 354 2135 fors
366 2098 413 2135 sen
423 2083 522 2148 natura,
531 2088 594 2134 tnnc
605 2078 687 2133 iatum
698 2083 726 2134 et
737 2079 776 2133 ira
784 2078 825 2134 dei
832 2078 979 2135 vocabatur.

227 2158 353 2229 Ingressis
371 2157 512 2213 Novesium
528 2176 574 2211 sex
573 2160 601 2210 ta
573 2156 710 2211 tdeeima
724 2156 791 2227 legio
806 2156 978 2227 conjungitur.
985 2166 1001 2213 8

189 2234 303 2289 Additus
314 2234 441 2290 Voculae
434 2254 461 2289 m
476 2237 575 2305 partem
592 2251 710 2287 curarum
726 2232 873 2287 Herennius
891 2231 980 2287 Gallus

188 2312 310 2385 legatns;
327 2329 374 2367 nec
385 2330 441 2367 ansr
432 2311 484 2366 ad
495 2312 554 2365 host
542 2316 595 2366 tem
609 2327 723 2381 pergere,
735 2309 792 2365 loco
806 2313 849 2363 eui
864 2308 980 2363 Gelduba

188 2407 284 2445 nomen
296 2392 336 2444 est
348 2392 431 2444 castra
441 2388 531 2444 fecere.
554 2386 610 2443 Ibi
627 2386 749 2442 struenda
766 2386 826 2452 acie,
842 2386 980 2441 muniendo

188 2466 364 2539 vallandoque,
378 2485 392 2521 e
392 2466 514 2523 tcaeteris
531 2464 591 2521 belli
607 2464 804 2531 meditamentis,
815 2464 921 2521 militem
937 2464 980 2520 fir-

189 2544 302 2601 mabant.
338 2544 427 2615 thue
447 2542 532 2615 praeda
550 2541 583 2597 ad
601 2542 724 2597 virtutem
744 2540 931 2608 accenderetur,
951 2542 1004 2597 int

189 2622 318 2693 proximos
331 2622 509 2693 Gugernornm
521 2637 608 2691 pagos,
622 2619 667 2690 qui
678 2619 828 2674 societatem
841 2620 927 2690 Civilis
938 2638 980 2674 ao-

186 2702 321 2769 ceperant,
337 2698 399 2754 duct
388 2702 430 2753 tus
447 2717 465 2753 a
481 2697 581 2753 Vocula
597 2695 733 2751 exercitus.
768 2696 833 2751 Pars
850 2714 908 2752 oum
924 2697 980 2751 He-

187 2776 280 2833 rennio
304 2776 374 2833 Gallo
398 2776 545 2849 pennansit.
525 2774 666 2831 tllorte
688 2793 779 2829 navem
801 2775 870 2829 haud
891 2771 1026 2845 procu127

188 2858 247 2910 cast
247 2854 291 2919 ris,
315 2852 443 2909 frumento
468 2870 578 2925 gravem,
604 2870 662 2907 cum
689 2870 736 2923 per
763 2851 828 2907 vada
854 2850 979 2915 haesisset,

188 2930 337 2987 Germani'
329 2948 440 2986 msuam
457 2930 567 3001 ripamt
555 2928 700 2985 rtalrehant
735 2928 797 2983 Non
810 2924 980 2995 tulitGallus,

187 3008 314 3087 misitque
331 3007 445 3065 subsidio
462 3008 601 3063 cohortem.
636 3006 738 3061 Anctm
753 3011 782 3060 et
797 3004 981 3059 Germanorum
