2575 3592
176 474 204 507 A.
215 468 237 507 D
253 466 296 515 ω]
351 402 600 451 HISTORIARUM
618 400 662 448 1v.
679 402 782 448 atr-24.
922 399 966 448 171

175 516 402 587 obstupefecerant
414 514 538 571 obsessos.
573 514 609 569 nt
621 522 693 584 spem
708 509 910 582 oppugnantium
924 519 992 565 ant

177 595 259 667 gebat
276 586 496 663 amplitudo'valli,
515 592 590 664 quqd,
609 590 708 645 duabus
722 587 865 659 legionibus
882 587 968 653 situm,

177 673 227 727 vix
245 670 356 741 quinque
372 668 450 723 millia
465 680 617 723 armatorum
633 668 806 721 Romanorum
823 664 969 720 tuebantur.

177 748 232 819 Sed
249 748 357 803 lixarum
376 746 521 813 multitudo,
537 745 640 801 turbata
656 763 717 815 paee
733 743 793 798 illue
809 746 970 814 eongregata,

175 833 205 881 et
227 825 292 881 bello
315 824 431 879 ministra
451 823 545 879 aderat.
589 824 653 877 Pars
674 825 814 876 eastrorurn
835 820 862 874 in
880 818 1017 875 oossorn23

174 903 272 958 leniter
295 920 442 973 exsurgens,
463 918 521 971 pars
545 918 616 971 nequo
637 898 762 953 adibatur.
798 896 901 973 Quippe
919 896 970 953 illis

175 979 291 1035 hibernis
303 978 413 1033 obsideri
431 979 559 1049 premique
576 976 723 1031 Germanias
740 976 874 1046 Augustus
891 974 971 1029 eredi-

175 1058 261 1121 derat,
272 1075 354 1127 neque
365 1074 479 1127 unquam
490 1055 516 1109 id
531 1054 654 1109 malorum
666 1057 696 1107 nt
712 1058 887 1123 oppugnatum
899 1051 969 1106 ultro

174 1134 292 1206 legiones
304 1139 404 1189 nostras
418 1133 540 1187 venirent.
576 1131 643 1187 Inde
653 1149 704 1184 non
720 1129 775 1183 loeo
787 1148 870 1199 neque
888 1130 996 1185 orani-2

175 1212 273 1267 mentis
297 1210 367 1265 labor
391 1211 507 1265 additus:
538 1209 577 1263 vis
600 1218 627 1263 et
652 1226 722 1261 arma
744 1206 806 1260 satis
829 1205 970 1276 plaoebnnt.

176 1288 274 1343 Batavi
297 1287 539 1358 Transrhenanique,
556 1305 606 1357 qno
624 1284 733 1339 discreta
749 1283 831 1338 virtus
847 1283 968 1340 manifes-

175 1366 233 1419 tius
250 1368 414 1434 spectaretur,
433 1364 481 1419 sibi
499 1382 605 1435 quaeque
623 1381 686 1433 gens
704 1361 854 1424 consistunt,
872 1360 971 1415 eminus

175 1443 342 1497 lacessentes.
377 1441 446 1508 Post,
465 1442 506 1495 ubi
527 1441 645 1511 pleraque
663 1438 772 1493 tolorunr
787 1435 900 1491 turribus
916 1439 996 1508 pin-8

175 1519 271 1588 nisque
283 1517 400 1573 menum
417 1518 489 1573 irrita
506 1516 642 1580 herebant,
657 1521 683 1570 et
702 1516 810 1585 desuper
827 1513 895 1568 saxis
915 1514 970 1568 rul-

176 1594 341 1659 nerabantur,
363 1594 469 1649 elamore
495 1600 572 1669 atque
601 1594 696 1663 impetu
726 1592 841 1646 invasere
866 1589 969 1657 vallum,

175 1672 303 1741 appositis
322 1672 434 1743 plerique
456 1671 536 1741 sordis,
558 1670 600 1725 alii
618 1688 664 1741 per
684 1667 838 1723 testudinem
856 1686 968 1722 snorum.

175 1746 387 1819 Scandebantqne
404 1749 455 1819 jam
475 1748 583 1819 quietam,
603 1766 668 1812 oum,
686 1744 776 1817 gladiis
796 1750 822 1800 et
843 1750 995 1801 armonrmt

173 1828 281 1892 incussu
294 1826 453 1897 praecipitati,
471 1825 576 1881 sudibus
596 1829 622 1879 et
637 1823 696 1894 pilis
713 1822 863 1888 obruuntur,
875 1816 969 1894 ‘prase-

172 1922 245 1959 roees
258 1904 333 1959 initio
345 1910 372 1958 et
384 1903 460 1957 rebus
478 1902 595 1957 secundis
612 1901 691 1957 nimii.
729 1899 779 1954 Sed
795 1904 859 1967 tum,
876 1900 968 1970 prada

173 1980 301 2050 cupidine,
315 1980 422 2035 adversa
436 1997 536 2050 quoque
552 1978 701 2035 tolerabant.
737 1977 870 2032 Maohinas
883 1977 968 2043 etiam,

172 2058 306 2125 insolitum
323 2057 379 2129 sibi,
393 2057 455 2112 ausi.
465 2048 480 2057 ³
494 2057 550 2111 b'ee
565 2054 616 2109 ullu
629 2055 692 2125 ipsis
707 2053 837 2108 sollertia:
855 2053 967 2125 perfugae
982 2057 996 2103 5

172 2135 320 2205 captivique
331 2134 456 2191 docebant
468 2139 567 2189 struere
584 2132 703 2187 materias
715 2131 742 2185 in
758 2131 860 2185 modum
873 2131 967 2200 pontis,

172 2230 236 2266 mox
249 2211 370 2282 subjectis
381 2212 445 2267 rotis
460 2210 645 2283 propellerent
659 2208 701 2263 alii
719 2212 893 2278 superstantes
910 2210 967 2261 tan-

171 2308 252 2359 quam
265 2306 298 2343 ex
309 2307 401 2361 aggere
412 2290 595 2360 praliarentnr,
609 2306 667 2357 pars
682 2286 753 2341 intrn
769 2283 862 2339 oeoulti
879 2302 966 2339 muros

171 2366 337 2421 subruerent.
384 2366 434 2421 Sed
457 2384 564 2423 excussa
586 2364 694 2419 ballistis
714 2380 776 2417 saxa
795 2366 908 2415 stravere
928 2361 993 2416 int

170 2444 255 2499 forme
277 2461 350 2512 opas.
387 2443 422 2499 Et
441 2450 523 2499 crates
547 2444 683 2511 vineasque
706 2438 853 2510 parantibus
870 2436 966 2494 adnata

170 2520 307 2595 tormentis
329 2519 446 2577 ardentes
467 2520 556 2584 hasta,
574 2518 693 2588 ultroque
710 2516 759 2587 ipsi
777 2520 966 2588 oppugnatores

169 2596 274 2667 ignibus
286 2597 446 2667 petebantur,
465 2597 551 2661 donee,
570 2596 703 2666 desperata
714 2595 747 2658 vi,
762 2598 891 2649 verterent
908 2612 965 2649 oon·

170 2674 257 2729 silium
273 2674 305 2729 ad
319 2694 410 2741 moras,
427 2674 495 2731 haud
512 2674 594 2745 ignari
611 2690 748 2743 paucorum
766 2670 864 2726 dierum
881 2672 965 2726 inesse

168 2751 292 2805 alimenta
310 2755 336 2807 et
354 2752 463 2807 rnnlturn
481 2750 587 2806 imbellis
605 2748 695 2803 turba.
732 2748 813 2803 Simul
832 2767 864 2803 ex
880 2747 993 2817 inopia?

167 2826 283 2899 proditio
307 2832 333 2883 et
356 2830 426 2885 fluxa
449 2828 611 2895 servitiorum
634 2826 696 2880 fides
720 2844 750 2880 ae
773 2825 881 2880 fortuita
904 2823 965 2878 belli

168 2904 346 2977 sperabantur.
383 2906 489 2961 Flaeous
503 2904 613 2968 interim,
626 2903 729 2973 cognito
745 2907 886 2957 eastrourm
900 2899 966 2972 obsi·
976 2902 1015 2957 24

168 2984 219 3050 dio,
232 2988 260 3039 et
272 2982 357 3039 mbsis
374 3002 419 3055 per
432 2983 526 3041 Galbae
540 2982 586 3053 qni
602 2979 697 3035 aaran
712 2975 967 3043 oonebent‚lestose
