2575 3592
321 431 369 479 250
657 430 776 479 'ruem

296 545 411 596 truatur,
448 541 521 596 Statu
538 544 652 612 tempore
673 543 699 597 in
717 543 813 608 silvam,
833 541 945 614 auguriis
963 541 1068 611 patrum
1084 544 1109 594 et

320 620 402 690 prisea
417 618 549 673 tormidine
565 635 670 686 suoram,
686 639 773 674 omnes
790 619 901 690 ejusdem
920 617 1052 688 sanguinis
1067 635 1110 687 pu-

319 696 373 766 puli
390 695 557 766 legationibus
578 701 680 762 cudunt,
700 715 815 767 ausoque
832 694 931 768 publiea
951 693 1055 748 homine
1072 713 1111 748 oe-

295 772 418 827 olebant
435 772 535 827 barbari
551 773 617 826 ritus
633 773 759 828 horrenda
776 773 918 845 primordia
952 771 1003 826 list
1019 775 1048 825 et
1066 771 1112 824 alia

319 850 377 904 lueo
388 849 536 904 reuerentia
573 849 657 904 Nemo
671 850 718 904 nisi
734 851 835 905 vinculo
850 849 943 922 ligatus
957 847 1111 919 ingreditur,

319 932 350 980 ut
369 926 458 985 minor.
478 930 505 980 et
528 931 682 997 potestatem
703 927 812 982 numinis
833 945 885 996 prae
906 943 933 980 ee
954 925 1050 979 ferens.
1087 925 1112 978 Si

319 1003 386 1057 forte
402 1003 534 1074 prolapsus
552 1009 600 1070 est,
619 1005 702 1059 attolli
720 1010 746 1060 et
763 1005 895 1075 insurgere
911 1002 980 1057 band
997 1002 1110 1056 licitum:

295 1088 365 1151 iper
381 1079 486 1135 humum
504 1081 663 1136 evolvuntur.
699 1082 787 1153 quue
805 1081 886 1136 omnis
906 1079 1058 1150 superstitio
1075 1097 1112 1132 re-

319 1156 402 1227 spicit,
414 1160 535 1227 tanquam
550 1157 610 1213 inde
621 1159 695 1213 initia
710 1159 801 1230 gentis,
813 1157 849 1212 ibi
864 1161 984 1228 regnator
999 1156 1111 1210 omnium

319 1233 389 1299 dene,
406 1239 498 1290 uetera
513 1234 627 1306 aubjeuta
643 1240 721 1307 etque
732 1235 852 1306 parentia
888 1233 986 1304 Adjicit
1003 1233 1111 1288 auetori-

319 1315 398 1364 tatem
410 1311 513 1366 fortuna
524 1313 676 1366 Semnonum
687 1335 693 1366 :
713 1318 816 1367 uentum
827 1311 886 1382 pagi
897 1310 928 1364 iis
944 1309 1109 1374 habitantum

318 1405 459 1460 magnoque
474 1406 579 1458 eorpore
592 1389 708 1454 efficitur,
722 1395 751 1444 ut
768 1407 795 1444 ae
808 1389 947 1442 Suanorum
964 1393 1046 1457 eaput
1062 1405 1109 1441 ore

226 1491 233 1500 ·
272 1464 388 1522 40dant.
424 1465 521 1520 Contra
543 1465 726 1537 Langobardos
752 1465 865 1537 paucitas
887 1463 1016 1518 nobilitat.
1055 1463 1109 1518 Plu·

319 1543 389 1596 rimie
405 1560 435 1597 ao
451 1542 630 1598 valentissimis
647 1542 792 1597 nationibus
808 1542 891 1606 cincti,
906 1558 960 1595 non
976 1559 1026 1612 per
1044 1541 1110 1595 obse·

319 1619 415 1690 quium,
427 1618 472 1674 aed
484 1619 576 1690 preliis
588 1624 615 1674 et
631 1620 797 1690 periclitando
809 1619 859 1674 tuti
875 1623 943 1673 aunt.
981 1617 1109 1690 Reudigni

319 1693 409 1750 deinde
426 1699 454 1750 et
471 1696 582 1751 Aviones
600 1700 627 1751 et
644 1697 733 1768 Anglii
751 1701 778 1751 et
795 1696 885 1750 Varini
902 1700 929 1750 et
947 1695 1068 1751 Eudosaa
1087 1699 1108 1749 et

319 1771 462 1826 Suardonee
470 1776 497 1826 et
509 1772 655 1827 Nuithones
664 1773 809 1828 fluminibus
821 1777 865 1828 aut
874 1772 943 1827 silvia
952 1773 1107 1828 muniuntur.

294 1848 517 1919 2Neoquiequam
527 1849 799 1922 notabileinsingulia,
808 1850 856 1904 nisi
865 1849 1108 1920 quodineommuna

319 1924 455 1991 Nerthum,
466 1923 493 1979 id
505 1930 552 1994 eat,
564 1926 667 1981 Terram
680 1933 793 1992 matrem,
807 1926 901 1991 uolunt,
916 1943 1027 1996 eamque
1038 1927 1109 1982 inter-
1136 1929 1137 1932 ’

319 2001 404 2056 venire
415 2000 492 2056 rebus
504 2002 641 2068 hominum,
654 2003 740 2058 invehi
753 2004 852 2075 populis
865 2003 1032 2058 arbitrantur.
1066 2004 1109 2058 nst

318 2078 440 2134 ininsula
455 2079 550 2134 Ooeani
561 2084 660 2135 eastum
676 2099 772 2146 nemus,
786 2081 946 2151 dicatumque
959 2079 986 2134 in
999 2098 1032 2135 eo
1048 2081 1109 2135 rehi-

294 2156 411 2223 tculnm,
423 2160 494 2212 veste
510 2160 663 2212 contectum.
700 2157 835 2229 Attingere
851 2157 896 2211 uni
910 2157 1041 2212 saeerdoti
1057 2175 1110 2213 oon·

318 2252 425 2289 eeasnm
462 2233 490 2288 Ia
503 2232 591 2288 adesso
602 2233 725 2304 penetrali
740 2233 812 2288 deam
824 2233 951 2305 intelligit,
962 2239 1109 2306 vectamque

319 2310 509 2366 bnbuaieminis
517 2309 1014 2381 multarumvenerationepmaequitur.
1049 2312 1109 2366 Leti

319 2391 382 2442 tuno
399 2387 461 2453 dies,
480 2388 547 2442 festa
564 2387 627 2452 loca,
647 2405 803 2459 qnaeounque
824 2389 934 2441 adventu
951 2387 1110 2461 hospitioque

294 2463 445 2534 *dignatur
481 2465 543 2519 Non
557 2464 623 2520 bella
638 2465 735 2533 ineunt,
748 2483 798 2519 uon
816 2481 885 2518 arma
901 2471 1029 2532 sumunt3
1047 2467 1109 2522 elau-

319 2557 376 2592 aum
395 2556 468 2594 omne
487 2541 597 2607 ferrum
616 2559 665 2611 pai
688 2545 715 2596 et
738 2542 808 2612 quiea
832 2549 893 2596 tuno
915 2545 1022 2597 tantum
1045 2549 1109 2616 nota

319 2618 382 2668 tuna
393 2617 493 2669 tantum
509 2623 599 2684 amata
611 2617 692 2672 donee
706 2617 772 2673 idem
788 2617 904 2673 saoerdoe
916 2619 1040 2674 satiatam
1057 2639 1109 2676 eon·

295 2690 461 2744 trematioue
475 2693 620 2747 mortalium
632 2693 703 2748 deam
720 2695 814 2765 templo
828 2694 924 2750 reddat.
961 2696 1030 2751 Mox
1046 2699 1109 2753 vebi-

320 2767 403 2820 culum
422 2769 449 2819 et
466 2771 549 2821 vestm
567 2775 601 2834 et,
615 2770 636 2824 ai
655 2769 756 2826 medere
774 2771 843 2836 velia,
861 2789 955 2826 numen
972 2772 1061 2844 ipsum
1078 2793 1108 2828 se
1133 2809 1134 2844 2

320 2846 390 2894 creto
401 2840 458 2895 lacu
470 2841 587 2898 abluitur.
619 2846 691 2900 Servi
703 2847 854 2912 ministrant,
868 2867 930 2920 quos
944 2850 1035 2904 statim
1049 2851 1107 2905 iden
1133 2845 1134 2937 l

320 2916 389 2970 laeua
402 2917 493 2971 haurit.
517 2920 632 2975 ſtrennue
644 2922 703 2978 hina
715 2927 797 2978 terror
809 2939 947 2996 sanataque
958 2926 1106 2996 ignorantia,

323 2991 384 3060 quid
396 2993 430 3046 ait
442 2993 504 3048 illud
515 2995 583 3064 quod
595 3001 695 3053 tantum
707 3001 813 3070 perituri
825 3001 919 3057 rident.
