2575 3592
198 491 250 531 w
268 492 309 539 6⁹]
378 428 626 477 HISTORIARUM
645 428 689 474 IV.
706 430 808 476 31-84.
937 426 981 475 177

197 540 365 605 dissimulans,
380 558 435 609 que
447 558 505 594 mox
517 556 628 609 erupere.
664 537 759 605 Civilis,
770 542 842 610 parte
854 536 981 607 copiarum
991 540 1027 593 83

196 622 304 682 retenta,
317 622 448 671 veteranas
458 617 581 680 cohortes,
592 620 618 669 et
630 615 698 685 quod
709 634 723 668 e
734 615 864 669 Germanis
874 614 981 667 maxime

198 700 351 766 promptum,
362 694 482 749 adversus
490 692 612 747 Voculam
624 693 812 763 exercitumque
824 693 878 763 ejus
890 691 978 755 mittit,

196 772 265 829 Julio
277 772 391 827 Maximo
408 775 434 825 et
447 769 553 825 Claudio
565 770 678 835 Victore,
689 770 782 823 sororis
798 788 851 823 sure
862 768 921 832 lilio,
935 767 981 821 du-

194 848 275 903 cibus.
322 849 435 919 Rspiunt
462 847 618 903 intransitu
643 846 749 904 hiberna
768 846 814 901 slae
834 845 979 915 Asciburgii
991 852 1006 897 2
1069 905 1071 912 Ι

195 926 264 990 sita;
282 924 395 995 adeoque
410 924 539 995 improvisi
553 928 635 981 eastra
652 924 795 977 involavere
811 927 841 977 ut
856 941 908 977 non
922 922 980 976 allo·

195 1002 247 1071 qui,
265 1020 317 1057 non
334 1000 443 1072 pandere
463 1001 543 1057 aoiem
563 1000 660 1055 Vocula
679 1000 799 1069 potuerit.
834 998 867 1053 Id
888 1000 976 1065 solum,

194 1084 225 1133 ut
237 1078 265 1133 in
276 1078 396 1143 tumultu,
407 1078 513 1143 monuit,
527 1077 680 1148 subsignano
691 1076 771 1131 milite
782 1076 864 1131 media
872 1077 978 1131 finnare.

194 1154 301 1213 Auxilia
311 1154 405 1225 passim
417 1154 569 1209 circumfusa
581 1162 649 1208 sunt.
696 1154 782 1223 Eques
798 1154 921 1223 prorupit,
935 1172 979 1207 ex-

196 1236 336 1302 ceptusque
354 1231 499 1301 compositis
516 1231 628 1285 hostium
643 1230 772 1285 ordinibus
790 1234 863 1301 terga
877 1232 904 1284 in
918 1248 979 1285 snos

196 1308 283 1366 verrit.
330 1306 421 1363 (ledes
442 1306 507 1372 inde,
532 1326 583 1362 uon
610 1306 731 1377 prelium.
765 1308 802 1361 Et
825 1307 1003 1364 Nerviorumt

196 1385 322 1449 cohortes,
335 1390 404 1441 metu
417 1404 461 1441 seu
474 1384 583 1455 perfidis,
596 1384 677 1439 latera
687 1388 831 1439 nostrorum
843 1384 977 1439 nudavere.

196 1462 241 1517 sie
252 1460 285 1517 sd
299 1461 410 1532 legiones
427 1470 593 1533 perventum
612 1480 675 1532 que,
693 1462 791 1516 amissis
808 1462 896 1532 signis,
912 1462 979 1516 intra

195 1544 290 1599 vallum
308 1546 489 1610 sternebantur,
503 1564 559 1601 oum
574 1549 677 1617 repente
691 1564 756 1601 novo
774 1546 866 1601 auxilio
878 1546 980 1600 fortuna

196 1639 291 1692 pugnae
313 1626 435 1679 mutatur.
472 1622 616 1677 Vasconum
637 1623 709 1677 lectae
728 1641 745 1677 a
765 1623 845 1677 Galba
862 1622 1004 1679 cohortes4

195 1716 226 1753 sc
245 1702 301 1753 turn
322 1699 408 1753 sooitae
427 1700 487 1755 dum
505 1699 593 1753 caetris
611 1700 788 1771 propinquant,
808 1700 895 1756 audito
915 1718 978 1771 prse-

193 1773 311 1831 liantium
336 1777 452 1843 elamore,
478 1778 589 1830 intentos
615 1776 702 1831 hostes
721 1794 737 1831 a
755 1781 828 1849 tergo
846 1776 976 1842 invadunt,

192 1850 358 1924 latioremque
369 1871 444 1922 quam
457 1870 503 1922 pro
519 1871 622 1909 numero
639 1859 762 1907 terrorem
777 1854 881 1918 faciunt,
895 1854 978 1908 allisa

192 1928 313 1996 Noricam,
326 1929 381 1984 aliis
395 1948 410 1983 a
424 1929 594 1999 Mogontiaco,
607 1932 738 1985 universas
749 1932 834 2001 copias
846 1930 976 1985 advenisse

192 2005 381 2061 credentibus·
405 2006 433 2061 Is
455 2024 525 2061 error
543 2006 613 2061 addit
633 2006 736 2073 animos,
758 2013 785 2062 ot
805 2008 865 2062 dum
889 2008 976 2063 ahenis

192 2082 289 2137 uiribus
301 2082 439 2149 confidunt,
457 2102 516 2138 suas
532 2102 656 2155 recepere
691 2084 855 2141 Fortissimus
869 2086 1001 2155 quisques

192 2169 209 2213 e
232 2158 343 2225 Batavis,
363 2164 487 2231 quantum
506 2160 619 2231 peditum
637 2164 701 2228 erat,
723 2161 879 2215 funduntur:
898 2178 975 2231 eques

192 2234 275 2289 evasit
291 2254 348 2291 cum
368 2238 447 2308 signis
465 2238 627 2308 captivisque,
647 2256 709 2308 quos
727 2238 808 2308 prima
826 2238 880 2291 acie
900 2236 977 2292 corri-

190 2316 308 2383 puerant.
327 2314 472 2375 ‘Oscorum
491 2334 521 2369 eo
542 2314 628 2369 disin
647 2315 762 2385 partibus
781 2314 876 2369 nostris
895 2316 976 2385 major

189 2408 313 2445 numerus
332 2396 358 2445 et
372 2390 512 2457 imbellior;
530 2410 544 2446 e
562 2392 693 2447 Germanis
711 2393 766 2463 ipsa
782 2392 879 2447 robora.
914 2392 1022 2454 Du134

188 2471 300 2537 uterque
312 2466 367 2537 pari
385 2468 458 2539 eulpa
475 2468 580 2523 meritus
597 2468 708 2534 adversa,
722 2470 847 2540 prosperis
864 2469 974 2525 deluere.

189 2542 257 2599 Nam
287 2542 373 2599 Civilis
397 2544 419 2601 si
442 2545 577 2615 majoribus
601 2546 680 2616 copiis
703 2547 865 2601 instruxisset
888 2548 974 2614 aciem,

189 2618 316 2677 oiremniri
328 2640 344 2676 a
355 2624 408 2677 tam
421 2622 507 2693 paucis
522 2623 668 2677 cohortibus
685 2624 824 2693 nequisset,
843 2629 975 2696 castraque

188 2700 311 2768 perrupta
331 2698 488 2755 exscidisset.
532 2699 631 2754 Vocula
647 2718 695 2755 nec
711 2700 847 2756 adrentum
862 2703 999 2758 hostiumn

187 2772 337 2843 exploravit,
355 2792 437 2845 eoque
455 2776 530 2843 simul
547 2794 664 2848 egressus
681 2777 813 2848 vietusque
822 2800 830 2844 ;
849 2778 907 2833 dein
923 2778 975 2832 vio-

186 2850 262 2907 toria
281 2868 369 2919 parurn
391 2853 508 2919 conlisus,
527 2854 595 2909 tritis
615 2854 712 2909 frustm
729 2853 825 2920 diebus,
845 2858 928 2909 castra
947 2855 975 2909 in
1008 2904 1014 2908 .

185 2928 295 2985 hostem·
310 2928 397 2995 movit,
419 2948 494 3001 quem
520 2931 542 2985 si
565 2930 652 2985 statim
675 2931 803 3001 impellere
823 2949 975 3001 cursumque

185 3023 274 3064 rerum
297 3004 370 3075 sequi
392 3008 554 3073 mutumsset,
579 3006 676 3063 solvere
701 3008 826 3063 obsidium
848 3006 975 3077 legionum

221 3108 280 3143 rao..
289 3107 343 3137 rou.
355 3107 385 3136 rr.
570 3100 590 3137 N
