2575 3592
214 456 242 495 Α,
253 456 276 493 D.
286 454 326 503 m]
394 385 644 441 maronianum
663 394 706 441 lv.
724 393 826 445 74-77.
956 399 1002 449 207

213 523 277 575 qnos
290 504 411 559 discretos
419 504 568 575 intercipere
577 504 698 559 licuisset.
734 505 865 561 Romanus
874 509 1026 562 exercitus4

212 589 298 635 castra
315 582 383 635 fossa
402 582 515 653 valloque
536 581 709 647 circumdedit,
732 583 791 653 quis
812 586 907 637 temere
927 589 1001 638 antea

211 658 305 713 intutis
314 658 469 713 consederat.
505 658 581 729 Apud
594 660 732 713 Germanos
745 658 851 713 diversis
868 661 1000 716 sententiis

211 734 363 790 certabatur.
374 736 467 800 Civilis,
477 735 640 806 opperiendas
647 735 894 790 Transrhenanorum
902 743 999 808 gentes,
1010 736 1046 794 76

210 830 318 882 quarum
330 818 426 867 terrore
440 812 527 867 sractae
544 812 636 883 Populi
653 812 763 866 Romani
778 813 845 868 vires
856 812 1000 869 obtereren-

209 892 262 941 tur.
291 888 392 951 Gallos,
405 888 466 960 quid
480 888 555 956 alind,
571 907 646 961 quam
663 888 773 959 praedam
786 890 946 945 victoribus?
964 892 999 946 Et

209 971 304 1029 tanen,
317 965 385 1035 quod
402 965 499 1021 roboris
515 966 556 1031 sit,
569 965 670 1038 Belgas,
684 984 770 1020 secum
787 966 871 1037 palam
882 972 927 1022 aut
938 974 999 1023 voto

209 1046 286 1097 starc.
324 1044 413 1108 Tutor,
423 1044 582 1098 cunctatione
591 1061 703 1099 crescere
712 1061 765 1097 rem
775 1043 922 1110 Romanam,
934 1046 1022 1100 affir-2

207 1119 301 1185 mahat,
315 1120 464 1175 coeuntibus
478 1120 589 1192 undique
600 1118 761 1175 exercitibus.
798 1122 812 1150 “
820 1121 999 1177 Transvectam

207 1215 222 1252 e
237 1197 371 1251 Britannia
388 1197 528 1268 legionem:
547 1197 639 1253 accitas
652 1216 685 1252 cx
702 1196 843 1267 Hispania:
862 1198 998 1255 adventare

206 1292 239 1329 cx
251 1272 343 1329 Italia:
362 1292 409 1329 nec
421 1273 533 1329 subitum
544 1274 657 1338 militem,
671 1272 716 1327 sed
728 1278 840 1327 veterem
855 1281 997 1345 expertum·
1015 1325 1022 1343 x

206 1369 257 1421 que
269 1350 336 1405 belli.
372 1350 441 1405 Nam
453 1351 597 1416 Germanos,
611 1350 655 1423 qui
671 1349 702 1405 ab
713 1349 776 1420 ipsis
791 1357 932 1421 sperentur,
945 1370 1020 1415 nona

201 1426 297 1495 juberi,
320 1444 372 1481 non
383 1428 444 1498 regi,
458 1427 502 1482 sed
516 1433 608 1483 cuncta
619 1446 653 1482 ex
666 1426 770 1481 libidine
785 1444 877 1498 agere:
895 1430 996 1499 pecuni-

206 1521 298 1574 amque
316 1522 347 1558 ac
364 1503 436 1569 dona,
456 1505 512 1575 quis
529 1504 589 1559 solis
608 1507 809 1574 corrumpantur,
821 1507 917 1573 majora
928 1506 993 1576 apud

205 1580 343 1645 Romanos,
364 1585 390 1635 et
408 1582 533 1637 neminem
549 1580 611 1635 adco
631 1581 659 1635 in
677 1598 746 1635 arma
763 1599 877 1651 pronum,
896 1586 995 1637 utnon

203 1656 273 1711 idem
291 1658 401 1727 pretium
422 1657 522 1729 qnietis,
543 1677 618 1729 quam
633 1656 745 1729 periculi,
761 1656 838 1711 malit.
874 1658 951 1717 Quod
972 1660 1019 1722 sia

203 1734 292 1791 atatim
311 1734 515 1807 congrediantur,
530 1735 611 1790 nullas
628 1753 684 1789 esse
703 1734 803 1797 Ceriali,
821 1734 870 1789 nisi
887 1754 919 1790 ex
935 1736 993 1792 reli-

202 1810 270 1883 quiis
289 1812 432 1866 Germanici
450 1812 583 1878 exercitus,
603 1811 723 1883 legiones,
744 1810 879 1867 foederibus
901 1813 993 1868 Galba-

200 1906 259 1943 rum
271 1888 415 1943 obstrictas.
451 1888 532 1959 quue
548 1889 638 1960 ipsum,
657 1888 725 1960 quod
739 1888 893 1943 inconditam
911 1908 992 1962 nuper

201 1964 333 2020 Valentini
341 1984 443 2021 manum
453 1971 541 2020 contra
550 1984 620 2038 spem
629 1984 701 2021 suam
713 1964 832 2031 fuderint,
845 1965 990 2022 alimentum

202 2040 252 2095 illis
264 2043 382 2114 Duciquc
393 2044 553 2099 temeritatis.
589 2045 705 2097 Ausuros
717 2061 805 2097 mrsus
821 2047 1016 2115 venturosquee

203 2117 230 2171 in
241 2136 338 2184 manus,
351 2138 403 2175 non
414 2119 526 2191 imperiti
534 2118 723 2184 adolescentuli,
731 2118 808 2173 verba
815 2122 843 2173 et
850 2119 990 2187 conciones,

203 2212 279 2265 quam
290 2196 386 2251 terrum
398 2201 424 2251 et
434 2215 510 2262 arma,
519 2196 673 2260 meditantis,
683 2194 729 2251 sed
736 2194 823 2249 Civilis
832 2198 859 2250 et
868 2195 990 2253 Classici:

201 2290 266 2343 quos
281 2272 326 2327 ubi
337 2274 489 2343 aspexerint,
506 2273 644 2328 redituram
664 2272 692 2327 in
710 2271 807 2327 animos
823 2271 988 2340 formidinem,

199 2349 289 2419 fugam
300 2350 440 2421 saniemque
453 2369 483 2408 ac
494 2350 571 2405 toties
579 2344 660 2420 captis
666 2349 804 2420 precariam
812 2347 897 2413 vitam,
907 2368 989 2422 nequa

199 2426 323 2483 lieveros
336 2432 380 2483 aut
391 2428 521 2499 Lingonas
532 2426 707 2482 benevolentia
718 2425 857 2481 contineri:
875 2444 988 2501 resump

198 2506 271 2559 turos
287 2523 364 2571 arma,
382 2504 427 2560 ubi
441 2509 525 2560 metus
541 2503 716 2558 abscesserit.”
751 2502 860 2557 Diremit
875 2505 1011 2565 consiliat

198 2598 256 2635 rum
273 2580 453 2651 diversitatem
476 2579 614 2653 approbata
636 2580 740 2635 lbtoris
764 2580 896 2646 sententia,
919 2582 987 2637 Clas·

198 2657 281 2711 sicus:
300 2659 440 2729 statimque
451 2661 631 2729 exsequuntur.
667 2656 755 2712 Media
766 2657 831 2712 acies
842 2657 909 2713 ubiis
925 2658 986 2713 Lin-
996 2661 1033 2722 77

197 2733 356 2807 gonibusqua
379 2734 453 2790 data:
473 2734 563 2789 dextro
583 2752 663 2791 cornu
679 2733 795 2789 cohortes
812 2735 984 2789 Batavorum:

195 2811 301 2867 sinistro
324 2811 443 2867 Bructeri
466 2811 640 2883 Tencterique.
687 2812 752 2867 Pars
774 2811 909 2874 montibus,
935 2810 984 2876 alii,

194 2888 263 2945 viam
275 2886 342 2942 inter
353 2887 535 2961 Mosellamque
544 2889 645 2953 flumen,
655 2891 708 2943 tam
719 2887 849 2959 improvisi
858 2885 985 2952 assiluerc,

195 2970 226 3021 ut
237 2964 265 3023 in
276 2963 393 3021 cubiculo
405 2984 434 3022 ao
446 2964 539 3022 lectulo
551 2965 656 3021 Cerialis
670 2965 838 3038 (nequeenim
845 2966 947 3019 noctem
957 2963 985 3018 in
