2575 3592
171 473 192 509 A
212 471 233 510 D
252 472 297 521 ω]
334 468 338 472 ¹
371 408 624 457 HISTORIARUM
644 409 666 456 I.
685 409 788 458 19-22.
945 409 974 456 le

171 539 256 575 omne
272 522 300 575 in
316 519 419 576 turbido
435 521 574 587 consilium,
587 521 669 575 multa
681 518 755 575 simul
767 517 974 580 exstimulabant,

171 597 283 652 luxuria
299 598 376 652 etiam
393 599 502 670 principi
517 616 630 663 onerosa,
642 597 729 668 inopis
740 597 783 651 vix
800 597 898 667 privato
914 595 976 649 tolo·

171 675 267 740 nanda,
280 675 309 730 in
326 674 431 730 Galbam
444 675 490 737 ire,
503 675 529 730 in
543 675 663 730 Pisonem
674 673 775 729 invidia.
811 672 937 744 Fingebat
949 676 998 727 et2

172 756 288 816 metum,
304 770 355 822 quc
371 752 451 824 magis
469 752 667 823 concupisceret.
703 751 863 822 Praegravem
883 769 911 804 se
923 749 977 804 Ne·

172 829 236 883 roni
257 829 346 894 fuisse,
373 848 420 884 nec
443 830 602 884 Lusitaniam
624 846 714 884 rursus
735 831 762 882 et
785 827 889 882 alterius
909 826 977 882 exilii

171 906 304 960 honorem
312 906 518 976 exspectandum.
550 908 702 976 Suspectum
712 904 1000 976 semperinvisumquess

174 983 371 1038 dominantibus
383 985 428 1054 qui
446 984 576 1055 proximus
594 983 771 1038 destinaretur.
807 981 933 1037 Nocuisse
950 981 978 1036 id

174 1060 229 1114 sibi
255 1061 323 1132 apud
346 1080 432 1116 senem
456 1062 612 1133 principem3
637 1060 719 1132 magis
742 1059 886 1114 nociturum
910 1057 978 1130 apud

172 1139 301 1209 juvenem
324 1139 427 1210 ingenio
455 1144 553 1194 trucem
577 1142 603 1193 et
626 1138 703 1209 longo
731 1135 807 1192 exilio
835 1137 976 1191 efferatum.

176 1215 273 1270 Occidi
290 1216 417 1270 Othonem
432 1234 514 1287 posse.
549 1215 660 1270 Proinde
677 1214 802 1286 agendum
823 1213 1001 1268 audendum-s

176 1309 241 1362 que,
254 1291 315 1346 dum
329 1293 415 1348 Galba
432 1293 570 1348 auotoritas
585 1293 662 1355 fluxa,
682 1291 782 1346 Pisonis
794 1289 906 1345 nondum
920 1308 978 1344 coa-

176 1369 282 1423 luisset.
318 1369 482 1440 Opportunos
491 1370 589 1442 magnis
601 1368 734 1424 conatibus
746 1367 869 1422 transitus
878 1381 1001 1433 rerum35

177 1463 232 1500 nec
250 1447 411 1502 cunctatione
429 1465 501 1518 opus,
518 1447 563 1502 ubi
578 1445 743 1518 perniciosior
760 1444 795 1499 sit
812 1444 883 1515 quies
901 1463 976 1515 quarn

177 1523 323 1578 temeritas.
358 1524 471 1579 Mortem
487 1523 604 1578 omnibus
620 1543 653 1578 ex
669 1527 761 1578 natura
772 1522 901 1592 equalem,
914 1521 1001 1578 obli-6

178 1601 259 1654 vione
270 1600 338 1671 apud
355 1605 470 1671 posteros
487 1601 528 1655 vel
540 1601 621 1673 gloria
636 1600 766 1671 distingui.
802 1600 842 1654 Ac
854 1599 874 1652 si
886 1616 977 1653 nocen-

179 1683 237 1731 tem
246 1677 457 1750 innocentemque
465 1679 532 1734 idem
539 1679 625 1733 exitus
637 1681 746 1742 maneat,
755 1677 857 1732 acrioris
864 1677 913 1731 viri
921 1693 977 1731 esse

179 1754 277 1809 merito
287 1755 376 1826 perire.
407 1754 771 1810 NoreratOthonismolliset
780 1753 878 1825 corpori
888 1753 976 1809 similis
986 1754 1023 1807 22

182 1832 293 1888 animus.
328 1833 365 1888 ut
376 1833 460 1888 intimi
471 1833 620 1889 hbertorum
631 1851 818 1903 servorumque,
832 1831 977 1902 corruptius

182 1927 262 1980 qnam
277 1909 305 1964 in
318 1911 418 1981 privata
434 1911 509 1965 domo
523 1910 612 1976 habiti,
631 1910 714 1964 aulam
730 1909 841 1964 Neronis
853 1913 880 1964 et
892 1910 975 1974 luxus,

182 1986 316 2052 adulteria,
344 1988 505 2042 matrimonia
528 1992 676 2058 ceterasque
700 2005 836 2059 regnorum
859 1985 977 2041 libidines

183 2063 259 2117 arido
267 2063 363 2129 talium,
374 2066 396 2118 si
405 2065 517 2130 auderet,
527 2069 558 2119 ut
567 2084 614 2119 sua
621 2068 788 2132 ostentantes,
798 2063 938 2134 quiescenti
946 2067 977 2117 ut

183 2139 268 2195 aliena
290 2141 484 2212 exprobrabant,
506 2141 658 2214 urgentibus
682 2142 759 2196 etiam
782 2140 976 2205 mathematicis,

184 2217 245 2272 dum
258 2236 336 2273 novos
348 2223 434 2274 motus
445 2223 473 2274 et
484 2219 579 2274 clanim
589 2219 688 2274 Othoni
699 2237 792 2273 annum
802 2217 977 2273 observatione

185 2295 298 2350 siderum
309 2297 444 2362 affirmant,
458 2315 540 2366 genus
552 2297 681 2352 hominum
698 2297 846 2367 potentibus
862 2295 975 2362 infidum,

185 2373 348 2444 sperantibus
360 2373 447 2438 fallax,
460 2373 529 2444 qnod
540 2374 568 2428 in
579 2374 683 2428 civitate
698 2378 786 2428 nostra
803 2376 829 2428 et
847 2373 977 2428 vetabitur

185 2469 286 2521 semper
298 2455 325 2505 et
336 2450 496 2506 retinebitur.
533 2450 633 2505 Multos
647 2455 745 2506 secreta
756 2451 872 2522 Poppae
882 2452 975 2506 mathe·
986 2457 1000 2502 2

186 2528 300 2593 maticos,
308 2529 446 2598 pessimum
453 2527 598 2599 principalis
606 2528 761 2582 matrimonii
768 2529 974 2594 instrumentum,

187 2604 343 2670 habuerant;
362 2623 378 2660 e
398 2605 490 2675 quibus
511 2604 667 2659 Ptolemaens
689 2605 786 2660 Othoni
805 2605 832 2660 in
851 2605 977 2676 Hispania

188 2700 279 2746 comm,
305 2701 365 2736 cum
388 2683 580 2753 superfuturum
604 2701 662 2737 eum
686 2683 785 2738 Neroni
808 2683 974 2754 promisisset,

189 2763 322 2830 postquam
344 2779 376 2814 ex
394 2763 489 2814 eventu
508 2759 578 2824 tides,
601 2760 748 2830 conjectura
761 2761 813 2832 jam
830 2765 857 2815 et
876 2779 977 2816 minore

190 2836 286 2891 senium
298 2836 384 2892 Galboe
396 2841 423 2892 et
432 2837 563 2908 juventam
576 2837 686 2892 Othonis
702 2839 903 2909 computantium
921 2857 977 2908 per·

191 2916 302 2967 suaserat
313 2913 369 2968 iore
380 2919 411 2969 ut
422 2914 450 2969 in
461 2914 593 2985 imperium
611 2915 802 2970 adscisceretur.
840 2915 890 2969 Sed
907 2915 1001 2968 Othot
1024 2925 1029 2934 ’

192 3004 310 3064 tauquam
320 2993 412 3063 peritia
423 2998 450 3049 et
461 2993 560 3060 monitu
572 2993 683 3048 latonam
696 2994 817 3064 praedicta
828 2992 975 3064 accipiebat,
