2575 3592
174 489 240 529 ω.
250 488 293 538 m
362 424 614 476 HISTORIARUM
632 426 669 475 11.
687 429 790 477 50-55.
942 428 971 476 81

176 540 277 610 magnis
295 537 433 593 inimicitiis
450 538 608 594 claresceret.
643 538 822 593 Moderatione
841 536 974 593 meliorum

176 616 305 686 dirempti
345 616 381 670 nt
401 614 499 671 rediere
516 633 603 671 omnes
622 615 770 681 Bononiam,
787 633 874 669 rursus
896 615 996 670 cousi-2

176 700 285 766 tintus-13
304 698 379 754 simul
396 698 479 754 medio
497 700 619 771 temporis
635 698 721 771 plures
736 699 821 754 nuntii
843 699 974 770 speraban-

176 781 233 832 tur.
270 776 400 841 Bononiae,
422 775 510 831 diuisis
528 794 574 848 per
597 776 690 832 itinera
709 776 753 847 qui
772 776 996 831 recentissimumt

177 870 306 926 quemque
317 856 551 924 percunctarentur,
563 852 735 925 interrogatas
748 852 856 908 Othonis
868 853 974 909 libertus

177 948 282 987 causam
294 930 431 1002 digressbs,
444 929 536 985 babe're
553 948 581 985 se
597 949 716 1002 suprema
732 931 785 1002 ejus
802 930 921 985 mandata
935 950 975 987 re-

178 1007 300 1079 spondit,
318 1008 401 1079 ipsum
412 1006 537 1062 viventem
551 1007 652 1079 quidem
663 1008 787 1073 relictum,
798 1007 843 1062 sed
854 1008 907 1063 sola
918 1027 974 1079 pos.

180 1084 295 1140 teritatis
318 1101 380 1140 cura
403 1089 430 1139 et
452 1083 567 1155 abruptis
590 1085 651 1141 vita
673 1084 859 1145 blandimentis.
904 1085 996 1145 Hunos

178 1160 314 1216 admiratio
330 1164 357 1215 et
375 1160 448 1231 plura
464 1160 636 1232 interrogandi
652 1160 749 1233 pudor;
768 1165 844 1233 atque
862 1162 974 1217 omnium

178 1238 259 1293 animi
269 1238 299 1293 in
307 1236 439 1292 Vitellium
450 1236 609 1292 inclinavere.
633 1237 762 1292 Intererat
774 1236 883 1293 consiliis
895 1238 974 1294 frater
982 1238 1019 1292 54

178 1333 239 1387 epus
254 1314 286 1370 1..
298 1314 426 1379 Vitellius,
439 1330 517 1386 seque
530 1313 583 1385 jam
597 1312 758 1370 adulantibus
777 1314 904 1381 offerebat,
917 1334 974 1371 cum

179 1394 289 1463 repente
306 1390 407 1457 Cunus,
420 1390 526 1446 libertus
546 1390 664 1457 Neronis,
678 1391 758 1446 atroci
773 1391 902 1447 mendacio
919 1393 974 1447 uni-

179 1486 272 1524 versos
282 1468 398 1539 percolit,
410 1468 535 1523 affirmans
547 1471 702 1539 superventu
713 1473 809 1539 quartae
821 1466 923 1525 decima
939 1469 974 1524 le-

180 1545 277 1618 gionis,
287 1544 382 1615 junctis
394 1544 532 1600 aBrixcllo
543 1543 646 1613 viribus,
658 1562 736 1600 coesos
748 1544 864 1609 victores,
876 1563 974 1600 versam

179 1622 296 1695 partium
313 1622 448 1677 romanam.
486 1621 569 1677 Causa
585 1620 696 1693 fingendi
713 1621 770 1687 fuit,
790 1625 821 1676 ut
839 1621 996 1693 diplomata2

181 1699 303 1764 Othonis,
319 1716 376 1769 quaa
393 1697 595 1770 negligebantur,
614 1697 711 1753 laetiore
730 1698 821 1753 nuntio
840 1698 974 1755 revalesce

182 1780 251 1832 rent.
279 1776 315 1831 nt
326 1775 420 1831 Coenus
432 1774 533 1845 quidem
544 1773 631 1845 rapide
642 1774 670 1829 in
680 1773 769 1830 urbem
780 1778 869 1831 vectus
881 1794 974 1847 paucos

181 1858 245 1926 post
258 1853 313 1909 dies
326 1854 402 1925 jussu
412 1852 510 1908 V1tellii
524 1871 610 1924 prauus
623 1852 677 1907 luit.
714 1854 864 1909 Senatorum
876 1856 995 1926 pericu-3

181 1932 237 1987 lum
249 1935 360 1995 auctum,
372 1929 534 1986 credentibus
546 1930 697 1985 Othonianis
711 1930 833 1986 militibus
845 1950 905 1987 vera
919 1952 974 1988 esse

183 2026 242 2079 quae
258 2007 436 2063 afferebantur.
472 2005 626 2061 Intendebat
643 2006 810 2077 formidinem,
830 2008 898 2079 quod
913 2008 975 2081 pub

182 2084 225 2140 lici
243 2084 341 2139 consilii
357 2084 422 2139 iacis
440 2082 579 2139 discessum
590 2082 702 2149 Mutina,
716 2084 872 2155 desertaeque
889 2092 974 2156 partes

183 2162 278 2216 forent.
313 2160 371 2216 Nec
385 2160 455 2215 ultra
466 2160 495 2214 in
511 2177 644 2215 commune
661 2162 790 2233 congressi
807 2160 855 2216 sibi
869 2162 997 2233 quisquea

184 2237 342 2303 consuluere,
355 2236 435 2293 donec
451 2236 536 2291 missa
553 2254 570 2291 a
585 2235 665 2291 Fabio
679 2237 788 2292 Valente
805 2237 917 2308 epistole
932 2238 975 2294 de·

185 2318 287 2370 merent
302 2318 408 2371 metum.
442 2313 479 2369 Et
495 2331 564 2368 mors
578 2313 689 2369 Othonis
707 2331 757 2386 quo
772 2312 927 2381 laudabilior,
945 2333 975 2371 eo

184 2391 297 2447 velocius
312 2390 405 2446 audita.

220 2475 258 2528 At
276 2473 366 2529 Rome
381 2472 445 2528 nibil
461 2471 637 2545 trepidationis
650 2494 658 2539 ;
676 2472 787 2528 Ceriales
797 2472 852 2528 ludi
864 2492 896 2529 er
907 2493 975 2531 more
983 2482 1019 2537 55

186 2549 374 2621 spectabantur.
410 2550 450 2606 Ut
458 2550 563 2605 oessism
572 2550 707 2615 Othonem,
720 2554 747 2605 et
759 2568 775 2605 a
785 2550 872 2607 Flavio
884 2552 998 2613 Sabinou

188 2628 306 2695 prefecto
317 2627 396 2692 urbis,
416 2626 485 2698 quod
500 2632 556 2682 erat
567 2626 595 2681 in
608 2626 672 2681 urbe
688 2626 803 2693 militum,
821 2634 976 2685 sacramento

189 2701 286 2759 Vitellii
296 2704 422 2773 adactum
435 2704 499 2759 certi
510 2707 627 2759 sudores
639 2704 667 2758 in
677 2704 805 2759 theatrum
825 2706 975 2771 attulerunt,

190 2778 294 2835 Vitellio
304 2782 437 2852 plausere;
455 2780 564 2852 populus
580 2798 637 2835 cum
650 2780 720 2835 lauro
735 2798 764 2836 ac
775 2780 879 2837 ficubus
891 2782 977 2837 Galba

190 2854 311 2929 imagines
333 2859 429 2913 circum
452 2856 547 2928 templa
568 2857 638 2923 tulit,
669 2858 795 2929 congestis
824 2858 852 2913 in
873 2856 976 2911 modum

190 2932 282 2989 tumuli
298 2935 398 2990 coronis
408 2934 485 3007 juxta
499 2933 582 2990 lacum
598 2934 691 3001 Curtii,
708 2952 782 3006 quem
798 2933 880 2989 locum
897 2932 977 2987 Galba

217 3022 373 3064 rac-‚roscia
567 3026 585 3065 a

1136 512 1139 593 l
