2575 3592
311 413 342 461 98
523 424 530 435 ·
640 406 762 455 ΤΑΟΙΤΙ

939 463 1101 514 [ancara

308 520 419 594 legiones
431 539 477 592 per
488 518 607 590 epistolas
619 518 761 573 alliciebant
768 514 942 571 Pannonicum
949 513 1100 578 exercitum,

309 604 354 655 aut
366 598 487 653 abnuenti
500 597 551 651 vim
568 595 698 667 parabant.
734 594 767 649 ln
782 610 812 649 eo
829 596 903 647 motu
919 590 1034 663 Aponius
1052 592 1099 645 Sa-

275 692 279 701 ·
308 677 435 740 turrinus,
448 673 548 729 Moesiae
559 676 651 737 rector,
663 670 799 743 pessimum
811 668 910 724 lacinus
922 668 1005 733 audet,
1018 667 1098 722 misac

309 752 458 809 centurione
465 750 498 805 ad
505 748 706 805 interficiendum
713 748 827 803 Tettium
835 748 855 801 J
855 746 974 810 ulianam,
985 744 1102 815 septime

310 829 416 901 legionis
427 828 547 899 legatum,
559 826 592 882 ob
604 826 753 891 simultates,
767 823 858 895 quibus
875 842 976 879 causam
988 822 1100 893 partium

311 904 489 978 pretendebat.
525 904 650 969 Julianus,
663 905 791 973 comperto
809 900 959 969 discrimine,
970 904 998 955 et
1014 900 1103 971 gnaris

311 983 424 1039 loeonrm
435 981 546 1045 adscitis,
554 999 600 1051 per
611 980 668 1037 avia
674 980 772 1035 Moesiae
781 979 849 1035 ultra
857 982 969 1033 montem
980 978 1104 1033 Humum

311 1060 433 1132 prolugit.
468 1058 525 1113 Nec
542 1057 632 1113 deinde
649 1058 717 1113 civili
732 1056 797 1112 bello
817 1057 942 1123 interfuit,
956 1074 1001 1125 per
1015 1055 1104 1111 varias

311 1156 394 1193 moras
414 1139 560 1206 susceptum
581 1136 614 1190 ad
631 1134 816 1207 Vespasianum
834 1134 884 1189 iter
900 1134 1010 1198 trahens,
1024 1136 1052 1187 et
1068 1151 1105 1187 ex

269 1214 408 1279 86nuntiis
425 1212 617 1269 cunctabundus
632 1216 678 1267 aut
694 1230 839 1283 properans,
875 1212 912 1266 At
927 1204 1105 1267 in‘Pamonis
1146 1220 1147 1223 ’

311 1292 389 1347 tertia
400 1290 498 1347 decima
507 1289 575 1361 legio
586 1307 616 1344 ac
632 1289 741 1361 septima
759 1288 887 1353 Galbiana,
904 1287 1015 1343 dolorem
1027 1286 1105 1341 iram-

312 1388 362 1441 que
384 1367 558 1424 Bedriacensis
579 1385 671 1439 pugnae
694 1366 841 1431 retinentes,
860 1364 929 1421 haud
951 1368 1105 1419 cunctanter

291 1446 468 1517 2Vespasiano
486 1461 620 1509 accessere,
640 1443 667 1499 vi
686 1443 812 1515 precipua
826 1442 906 1497 Primi
922 1442 1037 1497 Antonii.
1073 1442 1105 1497 Is

311 1524 411 1595 legibus
427 1540 521 1578 nocens
539 1525 566 1576 et
582 1527 697 1591 tempore
709 1520 819 1575 Neronis
836 1519 895 1574 falsi
908 1518 1052 1585 damnatus,
1064 1520 1106 1575 in·

312 1600 418 1656 letalia
435 1598 496 1655 belli
514 1598 587 1663 mala,
600 1597 753 1653 senatorium
770 1596 883 1651 ordinem
899 1607 1105 1667 recuperaverat.

312 1677 467 1748 Praepositae
479 1694 495 1730 a
506 1675 586 1730 Galba
596 1674 710 1745 septimae
720 1674 813 1745 legioni
831 1674 987 1744 seriptitisse
1004 1674 1107 1730 Othoni

313 1753 469 1818 credebatur,
487 1751 577 1807 ducem
597 1770 625 1806 se
645 1750 760 1823 partibus
779 1750 905 1817 offerens3
932 1768 948 1805 a
968 1768 1019 1821 quo
1041 1770 1108 1821 neg-

291 1830 395 1891 alectua
414 1830 442 1885 in
458 1829 528 1883 nullo
545 1828 684 1883 Othoniani
702 1828 762 1883 belli
780 1846 830 1883 usu
848 1828 906 1882 fuit.
941 1828 1108 1885 Labautibus
1146 1838 1147 1853 ¹

313 1907 412 1961 Vitellii
422 1906 497 1961 rebus
512 1905 698 1977 Vespasianum
716 1908 818 1960 secutus
833 1904 928 1975 grande
945 1913 1108 1961 momentum
1146 1916 1147 1975 ζ

314 1983 417 2049 addidit,
430 1987 549 2038 amerinus
560 2000 644 2050 manu,
661 2000 774 2037 sermone
789 1986 929 2053 promptus,
945 1982 1063 2037 serendae
1079 1985 1109 2039 in

314 2060 376 2116 alios
393 2059 493 2115 invidia
511 2059 612 2125 artilex,
629 2058 761 2115 discordiis
775 2062 802 2113 et
821 2058 987 2114 seditionibus
1002 2064 1108 2129 potens,

313 2141 408 2209 raptor,
423 2136 537 2209 largitor,
553 2154 615 2207 pace
633 2136 765 2207 pessimus,
779 2134 846 2191 bello
863 2154 916 2191 non
935 2138 1107 2206 spernendus.

291 2217 403 2277 4Juncti
413 2216 472 2272 inde
483 2215 584 2271 Moesiei
595 2233 625 2271 ac
641 2215 781 2271 Pannonici
792 2216 918 2271 exercitus
930 2216 1108 2272 Dalmaticum

313 2294 419 2350 militem
437 2298 545 2359 traxere,
566 2311 708 2364 quanquam
728 2292 901 2348 consrrlaribus
924 2292 1016 2363 legatis
1041 2295 1108 2351 nihil

313 2370 482 2428 turbantibus.
518 2370 592 2425 'litus
624 2370 731 2441 Ampius
768 2368 903 2425 Flavianus
937 2369 1109 2440 Pannoniam,

313 2447 449 2519 Pompeius
467 2448 583 2503 Silvanus
598 2446 751 2502 Dalmatiam
762 2446 893 2513 tenebant,
910 2447 1002 2503 divites
1020 2468 1107 2505 senes.

292 2524 366 2590 sserl
377 2529 525 2596 procurator
538 2525 625 2580 aderat
636 2524 769 2579 Cornelius
786 2524 892 2591 Pascua,
909 2526 999 2596 vigens
1017 2532 1107 2594 aetate,

315 2602 389 2657 claris
406 2602 539 2657 natalibus.
574 2603 662 2657 Prima
677 2602 790 2673 juventa
808 2602 901 2673 quietis
920 2604 1050 2675 cupidine,
1068 2624 1109 2661 se·

292 2675 441 2747 (sutorium
470 2678 584 2733 ordinem
609 2683 723 2734 exuerat.
770 2679 844 2735 Idem
869 2698 916 2751 pro
939 2681 1022 2736 Galba
1053 2681 1109 2739 dux

315 2756 419 2811 colonia
448 2773 508 2820 aua,
538 2774 617 2827 eaque
645 2774 722 2827 opera
752 2760 956 2827 procurationem
985 2759 1108 2831 adeptus,

315 2832 440 2903 susceptis
458 2831 608 2901 Vespasiani
627 2833 749 2903 partibus,
771 2834 916 2890 acerrimam
936 2835 1002 2891 bollo
1022 2838 1108 2893 lacem

314 2909 443 2978 pretulit:
461 2925 513 2962 non
535 2912 588 2963 tam
609 2910 719 2979 praemiis
742 2910 910 2981 periculorum
937 2930 1013 2983 quarn
1042 2915 1108 2985 ipsis

303 2984 433 3055 periculis
443 2984 526 3051 latua,
538 3002 585 3055 pro
596 2986 672 3041 certis
684 2990 710 3041 et
722 2987 781 3042 clim
793 2988 881 3058 partis,
890 3006 962 3056 nova
975 2990 1107 3063 ambigua,
