2575 3592
299 415 354 462 '252
640 414 760 463 TACITI

254 525 257 532 '
282 524 426 591 fflelisioe,
445 525 643 581 Nehnnervelos.
683 525 761 598 Apud
778 524 967 580 Nahenarvulos
984 527 1097 596 nutiquae

305 602 432 674 religionis
444 603 516 658 lueus
528 603 679 658 ostenditur.
716 603 838 658 Praesidet
851 602 965 658 sacerdos
979 603 1099 657 muliebri

304 687 412 745 ometu;
437 679 482 734 sed
501 679 569 745 deos,
588 681 798 750 interpretatione
819 681 940 744 Romana,
963 679 1099 733 Castorem

305 755 484 826 Pollucemque
496 766 642 812 memorant.
678 758 719 812 Ee
728 758 767 811 vis
781 757 894 811 numiui:
912 775 1005 810 nomen
1017 756 1100 810 Aleis.

284 833 385 887 eNulle
400 833 539 901 simulacre,
551 834 649 889 nullum
666 835 805 906 peregrine
817 833 1004 904 superstitionis
1021 835 1101 888 vesti·

305 909 383 980 giurn
420 911 459 964 Ut
475 910 567 966 fratres
578 916 672 977 tumen,
685 915 715 966 ut
727 915 835 981 juvenes
847 915 1008 966 venerentur.
1046 911 1102 964 (tre

305 997 387 1047 terum
400 993 476 1048 Harii
492 1010 569 1063 super
583 995 659 1061 vires,
673 996 764 1067 quibus
776 998 936 1050 enumeratos
949 994 1026 1064 paulo
1039 1000 1101 1049 ente

305 1069 411 1140 populos
424 1071 585 1138 anteoedunt,
597 1075 692 1140 truces,
704 1073 787 1127 ineitae
803 1071 900 1127 feritati
915 1075 970 1126 erte
985 1090 1018 1127 ae
1034 1077 1102 1125 tem-

284 1160 366 1216 6pore
377 1147 557 1202 lenocinentur.
594 1149 678 1219 Nigra
689 1154 768 1216 sonte,
779 1149 981 1219 tinoteeorpore
1020 1151 1100 1202 utras

305 1222 337 1277 ud
349 1223 435 1294 preelie
445 1230 533 1280 noctes
546 1224 642 1296 legunt,
656 1226 759 1298 ipseque
774 1225 906 1280 formidine
918 1229 996 1296 etque
1008 1223 1101 1279 umbre

252 1299 256 1304 ’
304 1299 390 1355 feralis
405 1302 532 1356 exereitus
548 1306 671 1357 terrorem
688 1303 808 1367 inferunt,
824 1301 894 1356 nullo
912 1301 1027 1356 hostium
1044 1320 1100 1356 sus-

304 1381 403 1432 tinente
414 1397 508 1433 norum
520 1397 550 1434 ae
561 1379 631 1434 velut
643 1379 769 1434 infernum
786 1389 931 1451 aspectum:
951 1397 1012 1433 nem
1024 1379 1100 1450 primi

304 1455 332 1508 in
343 1455 459 1510 omnibus
471 1455 563 1526 preliis
575 1456 642 1510 oeuli
653 1457 797 1512 vincuntur.

255 1534 295 1588 44
340 1532 420 1586 Trans
437 1531 526 1604 nigros
541 1533 672 1589 Gethones
684 1537 830 1604 regnantur,
843 1532 918 1602 poulo
930 1535 987 1603 jem
1005 1530 1100 1586 eddue

305 1608 358 1663 tius
372 1627 446 1680 quam
463 1621 560 1665 oaeterre
573 1611 753 1666 Germanorum
769 1615 866 1682 gentes,
882 1608 996 1663 noudum
1012 1614 1099 1663 tumen

305 1703 382 1755 supra
392 1685 543 1740 libertatem.
579 1688 700 1743 Protinus
713 1687 803 1743 deinde
816 1687 846 1742 eb
862 1687 965 1741 Oeeeno
979 1686 1062 1757 Rugii
1074 1691 1099 1740 et
1137 1701 1138 1763 ι

306 1761 436 1827 Lemovii;
454 1763 615 1835 omniumque
630 1765 720 1820 harum
734 1763 971 1834 gentium‘insigne,
989 1763 1099 1818 rotunde

305 1842 385 1901 ⁵0th
398 1837 488 1892 breves
500 1839 584 1910 gladii,
597 1846 624 1896 et
635 1859 696 1913 erge
707 1861 781 1912 reges
793 1840 949 1912 obsequium.

283 1919 299 1966 2
340 1914 462 1968 Suionum
479 1916 538 1970 hine
553 1918 677 1984 civitates,
690 1919 745 1990 ipso
757 1920 784 1973 iu
800 1920 907 1982 Oeeeno,
921 1921 1015 1988 preter
1030 1919 1098 1972 viros
1136 1917 1137 1924 ’

305 2009 424 2060 armoque
444 1991 567 2047 elassibus
590 1995 683 2050 retent.
719 1995 812 2050 Forma
834 1995 934 2048 navium
956 2012 988 2048 eo
1012 1994 1099 2049 differt

305 2068 373 2137 quod
385 2067 504 2140 utrinque
521 2089 595 2137 prom
609 2077 722 2142 paratam
739 2091 838 2143 semper
853 2071 971 2142 appulsui
987 2071 1098 2126 frontem

216 2144 220 2154 '
305 2145 366 2215 ugit.
404 2145 461 2200 Nee
482 2146 543 2201 velis
564 2148 747 2214 ministrantur,
766 2167 813 2204 nee
833 2167 915 2202 remos
936 2149 962 2202 in
984 2147 1099 2202 ordinem
1135 2177 1136 2207 ι

305 2221 426 2278 luteribus
444 2223 600 2295 adjungunt:
620 2226 740 2291 solutum,
758 2232 787 2280 ut
805 2227 832 2282 iu
850 2224 1000 2297 quibusdam
1018 2225 1099 2280 flumi-

304 2317 373 2364 num,
385 2304 412 2354 et
424 2301 554 2366 mutabile,
564 2309 594 2356 ut
605 2321 647 2357 res
656 2303 745 2374 poscit,
754 2304 814 2358 hine
823 2303 864 2358 vel
875 2302 942 2356 illiue
954 2303 1097 2374 remigium.

281 2375 354 2428 ense
371 2376 438 2446 epud
453 2377 510 2432 illos
526 2383 553 2432 et
569 2379 659 2449 opibus
675 2380 763 2446 honos,
781 2399 861 2451 eoque
876 2397 942 2433 unus
959 2379 1096 2450 imperitet,
1134 2395 1135 2431 ι

305 2451 381 2504 nullis
398 2453 451 2521 jam
475 2455 673 2524 exceptionibus,
698 2476 749 2512 non
773 2457 884 2529 precario
904 2459 964 2524 jure
986 2457 1096 2526 parendi.

306 2526 362 2580 Neo
380 2545 456 2593 arma,
473 2538 504 2583 ut
521 2531 589 2602 apud
607 2538 711 2588 eeteros
733 2535 879 2598 Germanos,
897 2534 925 2588 in
945 2534 1097 2602 promiscuo,

306 2601 350 2654 sed
367 2601 452 2656 clause
467 2605 514 2660 sub
532 2608 644 2673 custode,
663 2614 689 2664 et
708 2611 808 2682 quidem
826 2629 904 2675 servo,
922 2610 982 2680 quie
1000 2611 1098 2666 subitos
1133 2597 1134 2653 i

306 2677 417 2731 hostium
429 2679 545 2736 incursus
558 2686 674 2753 prohibet
690 2687 814 2753 Oceanus,
828 2689 909 2742 otiosa
925 2705 1001 2758 porro
1018 2707 1098 2743 aruns·

281 2757 390 2807 erorum
405 2773 495 2842 manus
511 2758 585 2814 facile
600 2762 742 2818 lasciviunt.
779 2766 914 2820 Enimvero
930 2783 1014 2836 neque
1030 2767 1098 2821 nobi·
1132 2819 1133 2828 ,

307 2828 355 2880 lem
369 2848 450 2900 neque
466 2849 611 2902 mgenuum,
624 2857 656 2893 ne
672 2840 817 2896 libertinum
834 2842 935 2914 quidem
948 2843 1027 2898 armis
1041 2861 1097 2916 pre
1132 2847 1133 2875 ¹

307 2920 400 2972 ponere
412 2906 481 2976 regie
492 2909 589 2965 utilitas
601 2920 649 2968 est.

286 2974 298 3002 '¹
342 2979 422 3035 Trans
435 2983 541 3040 Suiones
553 2987 1096 3068 aliudmmepigmmeepropeimmoturu,
1131 3075 1132 3097 Χ
