2575 3592
307 404 352 451 ‘Zssll
638 403 757 449 TAClTl

306 522 423 585 precatus
438 514 497 571 daos
513 516 651 587 celumque
672 515 819 587 suspiciens,
833 518 874 571 ter
891 514 1005 587 singulos
1019 516 1095 583 tollit,

307 594 419 649 sublatos
431 593 567 649 secundum
581 595 728 663 impressam
740 599 800 648 ante
809 598 894 647 notam
902 594 1094 664 interpretatur.

284 671 334 725 tsi
355 670 544 741 prohibuerunt,
564 671 634 725 nulla
652 671 683 725 de
704 670 792 725 eadem
809 689 838 725 re
859 671 885 725 iu
903 670 1013 725 eundem
1030 670 1097 724 diem

307 747 473 814 consultatio;
499 749 538 803 sin
558 748 718 818 permissum,
740 748 911 817 auspiciorum
930 747 1015 802 adhue
1033 747 1097 801 lidos
1131 762 1135 775 ·

307 828 426 899 exigitur.
462 827 497 881 ut
520 827 582 882 illud
606 826 708 898 quidem
731 827 808 881 etiam
826 826 869 882 hio
890 830 988 891 notum,
1014 826 1099 880 arium

307 923 380 958 voces
390 903 537 975 volatusque
549 904 719 976 interrogare:
738 903 868 974 proprium
879 904 964 974 gentis
974 921 1099 974 equorum

285 990 406 1051 lquoque
418 981 539 1051 presagia
551 1000 580 1035 ac
592 984 703 1035 monitus
719 980 837 1051 experiri.
875 979 978 1035 Publice
994 980 1100 1035 aluntur

308 1057 394 1113 isdem
406 1057 549 1112 nemoribus
559 1077 588 1113 ac
600 1058 663 1113 lucis
673 1057 779 1126 candidi,
791 1061 818 1113 et
829 1056 898 1112 nullo
910 1056 1012 1111 mortali
1023 1075 1100 1129 opere

307 1135 417 1189 contacti
428 1156 434 1199 ;
453 1154 516 1205 quos
528 1154 628 1205 pressos
645 1153 716 1190 sacro
728 1154 805 1190 curru
820 1133 937 1190 sacerdos
949 1153 979 1189 ac
990 1152 1046 1199 rex,
1060 1133 1100 1187 rel

307 1212 422 1283 princeps
440 1212 557 1277 civitatis,
575 1213 736 1280 comitantur,
754 1212 917 1283 hinnitusque
933 1229 964 1267 ac
980 1211 1099 1265 fremitus

286 1289 450 1344 tobservaut.
487 1290 544 1345 Nec
565 1290 611 1344 ulli
629 1289 741 1361 auspicio
759 1289 841 1360 major
857 1287 927 1354 fides,
945 1307 1000 1343 non
1017 1288 1099 1343 solum

307 1366 373 1437 apud
390 1367 496 1438 plebem,
514 1366 580 1437 apud
597 1385 721 1436 proceres,
734 1366 800 1437 upnd
813 1364 971 1421 secerdotes:
991 1384 1021 1420 ae
1031 1366 1099 1420 euim

307 1446 435 1500 ministros
454 1445 566 1510 deorum,
586 1446 642 1500 illos
662 1446 777 1501 conscios
796 1448 898 1516 putant.
933 1444 983 1498 Est
1002 1448 1030 1499 et
1052 1445 1099 1498 alia

308 1523 450 1578 observatio
466 1523 708 1594 auspiciorumque
723 1522 837 1594 grauium
855 1521 977 1576 bellorum
990 1526 1099 1576 eventus

287 1600 449 1671 6explorant.
480 1601 544 1671 ujus
556 1600 647 1671 gentis,
661 1618 718 1656 cum
731 1618 782 1671 qua
792 1598 887 1655 bellum
898 1603 946 1665 est,
959 1598 1098 1669 captivum,

308 1695 409 1748 quoquo
421 1677 495 1732 modo
507 1680 684 1749 interceptum,
698 1696 755 1733 cum
773 1676 854 1732 electo
870 1675 1031 1747 popularium
1044 1693 1099 1730 suo

307 1772 370 1817 rum,
385 1755 472 1825 patriis
486 1774 609 1827 quemque
622 1755 706 1820 armis,
719 1754 890 1809 committunt.
925 1753 1045 1807 Vrctoria
1056 1754 1100 1807 bu·

306 1830 348 1901 jus
361 1831 402 1886 vel
413 1831 481 1886 illius
494 1850 539 1903 pro
551 1833 696 1905 prejudicio
708 1832 838 1903 accipitur.

266 1902 300 1956 l'l
343 1908 382 1962 De
394 1908 532 1963 minoribus
549 1910 624 1964 rebus
641 1910 767 1981 principes
782 1907 937 1972 consultant,
955 1906 989 1961 de
1000 1907 1099 1979 majori·
1136 1903 1137 1956 l

308 1984 356 2039 bus
379 2002 473 2049 omnes,
498 1986 536 2040 ita
557 1990 643 2041 tamffl
667 1991 697 2041 ut
720 2003 871 2056 aequoque
892 2003 1002 2055 quornm
1022 2003 1099 2055 penes

309 2062 407 2132 plebem
431 2062 563 2117 arbitrium
587 2070 634 2129 est,
661 2064 729 2135 apud
752 2063 877 2135 principes
900 2067 1098 2133 pertractentur.

287 2140 417 2205 tondunt,
436 2140 485 2195 nisi
503 2139 564 2211 quid
581 2140 717 2195 fortuitum
735 2145 761 2196 et
777 2140 890 2194 subitum
905 2138 1004 2205 incidit,
1021 2140 1099 2194 certis

309 2216 405 2280 diebus,
430 2236 488 2272 cum
508 2222 555 2272 aut
575 2217 709 2290 inchoatur
729 2217 790 2271 luna
813 2221 858 2271 aut
881 2216 1021 2286 impletur:
1040 2236 1099 2271 uam

309 2296 413 2367 agendis
433 2296 509 2351 rebus
532 2296 581 2351 hoc
604 2296 834 2367 auspicatissimum
856 2296 958 2350 initium
982 2296 1097 2351 madunt.

309 2372 366 2427 Nec
379 2372 476 2427 dierum
487 2390 628 2438 numerum
640 2384 672 2427 nt
683 2392 738 2441 nos,
750 2372 795 2428 sed
811 2373 923 2427 noctium
940 2376 1096 2443 computant.

289 2449 353 2503 saio
373 2451 540 2514 constituunt,
562 2450 599 2504 sic
620 2449 771 2505 condicunt:
790 2469 841 2504 uox
861 2449 954 2504 ducere
974 2450 1044 2504 diem
1065 2450 1097 2504 vi·

311 2525 392 2579 detur.
429 2526 497 2581 Illud
513 2546 544 2581 er
560 2526 678 2582 libertate
694 2528 793 2590 vitium,
810 2527 877 2599 quod
893 2546 944 2581 uon
958 2527 1037 2581 simul
1053 2546 1098 2581 uec

310 2607 341 2655 nt
350 2602 415 2672 jussi
428 2604 588 2667 conveniunt,
601 2604 685 2659 sedet
701 2604 766 2659 ulter
777 2608 804 2659 et
819 2605 912 2658 tertius
929 2604 982 2657 diss
994 2612 1098 2658 cuncta·

290 2679 381 2733 atione
398 2679 542 2733 cutuutinm
559 2681 708 2738 absumitur.
745 2683 783 2737 Ut
799 2682 883 2737 turbae
899 2681 1003 2753 placuit,
1016 2683 1098 2737 consi·

312 2754 377 2809 dunt
389 2754 485 2808 armati.
522 2756 654 2813 Silentium
671 2778 716 2829 per
732 2759 883 2826 sacerdotes,
896 2759 987 2831 quibus
1003 2762 1062 2813 turm
1074 2764 1097 2813 et

291 2829 444 2885 ocoercendi
458 2830 501 2900 jus
519 2835 566 2898 est,
584 2834 729 2904 imperatur.
766 2837 831 2892 Mox
848 2856 894 2892 rex
911 2835 951 2891 uel
973 2836 1095 2907 princeps.

313 2910 389 2972 prout
413 2910 474 2959 aetas
494 2906 591 2976 cuique,
611 2918 688 2979 prout
706 2913 833 2983 nobilitas,
853 2919 930 2987 prout
950 2914 1029 2969 decus
1051 2913 1096 2969 bd·

314 2979 402 3046 lorum,
420 2986 494 3053 prout
511 2982 626 3040 lactandis
642 2993 690 3053 est,
708 2990 854 3058 audiuntur,
872 2992 1028 3048 auctoritate
1044 3011 1095 3047 sus
