<?xml version="1.0" encoding="UTF-8"?>
<!DOCTYPE html PUBLIC "-//W3C//DTD XHTML 1.0 Transitional//EN"
    "http://www.w3.org/TR/xhtml1/DTD/xhtml1-transitional.dtd">
<html xmlns="http://www.w3.org/1999/xhtml" xml:lang="en" lang="en">
 <head>
  <title>
</title>
<meta http-equiv="Content-Type" content="text/html;charset=utf-8" />
  <meta name='ocr-system' content='tesseract 3.04.00' />
  <meta name='ocr-capabilities' content='ocr_page ocr_carea ocr_par ocr_line ocrx_word'/>
</head>
<body>
  <div class='ocr_page' id='page_1' title='image "./operaomniaadfid00tacigoog_0043.png"; bbox 0 0 2575 3592; ppageno 0'>
   <div class='ocr_carea' id='block_1_1' title="bbox 236 429 1027 540">
    <p class='ocr_par' dir='ltr' id='par_1_1' title="bbox 236 429 1027 540">
     <span class='ocr_line' id='line_1_1' title="bbox 236 429 1027 540; baseline -0.004 -59"><span class='ocrx_word' id='word_1_1' title='bbox 236 492 263 530; x_wconf 50' lang='lat' dir='ltr'>L</span> <span class='ocrx_word' id='word_1_2' title='bbox 273 489 299 530; x_wconf 29' lang='grc' dir='ltr'><strong>»ι</strong></span> <span class='ocrx_word' id='word_1_3' title='bbox 309 490 353 540; x_wconf 63' lang='lat' dir='ltr'>m</span> <span class='ocrx_word' id='word_1_4' title='bbox 423 429 677 480; x_wconf 75' lang='lat' dir='ltr'><strong>HISTORIABUM</strong></span> <span class='ocrx_word' id='word_1_5' title='bbox 696 429 718 478; x_wconf 87' lang='lat'><strong>1.</strong></span> <span class='ocrx_word' id='word_1_6' title='bbox 736 429 839 482; x_wconf 73' lang='lat' dir='ltr'><strong>ot—tt.</strong></span> <span class='ocrx_word' id='word_1_7' title='bbox 997 432 1027 483; x_wconf 74' lang='grc'><strong>87</strong></span> 
     </span>
    </p>
   </div>
   <div class='ocr_carea' id='block_1_2' title="bbox 235 539 1028 614">
    <p class='ocr_par' dir='ltr' id='par_1_2' title="bbox 235 539 1028 614">
     <span class='ocr_line' id='line_1_2' title="bbox 235 539 1028 614; baseline -0.014 -7"><span class='ocrx_word' id='word_1_8' title='bbox 235 543 382 609; x_wconf 65' lang='lat' dir='ltr'><strong>moeflsfflb</strong></span> <span class='ocrx_word' id='word_1_9' title='bbox 393 557 471 604; x_wconf 61' lang='lat' dir='ltr'><strong>&amp;mlt-</strong></span> <span class='ocrx_word' id='word_1_10' title='bbox 483 539 574 613; x_wconf 78' lang='lat' dir='ltr'><strong>genno,</strong></span> <span class='ocrx_word' id='word_1_11' title='bbox 585 541 695 614; x_wconf 68' lang='lat' dir='ltr'><strong>vestigia</strong></span> <span class='ocrx_word' id='word_1_12' title='bbox 705 539 848 614; x_wconf 82' lang='lat' dir='ltr'><strong>prensimdo</strong></span> <span class='ocrx_word' id='word_1_13' title='bbox 858 540 952 596; x_wconf 78' lang='lat' dir='ltr'><strong>flexere</strong></span> <span class='ocrx_word' id='word_1_14' title='bbox 962 540 1028 596; x_wconf 81' lang='lat' dir='ltr'><strong>miti-</strong></span> 
     </span>
    </p>
   </div>
   <div class='ocr_carea' id='block_1_3' title="bbox 231 617 1069 3081">
    <p class='ocr_par' dir='ltr' id='par_1_3' title="bbox 232 617 1050 1927">
     <span class='ocr_line' id='line_1_3' title="bbox 235 617 1050 690; baseline -0.002 -18"><span class='ocrx_word' id='word_1_15' title='bbox 235 622 292 672; x_wconf 88' lang='lat' dir='ltr'><strong>tum</strong></span> <span class='ocrx_word' id='word_1_16' title='bbox 302 618 407 673; x_wconf 77' lang='lat' dir='ltr'><strong>animos</strong></span> <span class='ocrx_word' id='word_1_17' title='bbox 429 618 536 674; x_wconf 82' lang='lat' dir='ltr'><strong>Addidit</strong></span> <span class='ocrx_word' id='word_1_18' title='bbox 548 620 643 676; x_wconf 76' lang='lat' dir='ltr'><strong>Veiens</strong></span> <span class='ocrx_word' id='word_1_19' title='bbox 654 625 772 674; x_wconf 86' lang='lat' dir='ltr'><strong>treeenos</strong></span> <span class='ocrx_word' id='word_1_20' title='bbox 784 617 891 690; x_wconf 83' lang='lat' dir='ltr'><strong>singulis</strong></span> <span class='ocrx_word' id='word_1_21' title='bbox 903 618 1050 672; x_wconf 75' lang='lat' dir='ltr'><strong>militibust</strong></span> 
     </span>
     <span class='ocr_line' id='line_1_4' title="bbox 235 695 1025 768; baseline 0 -18"><span class='ocrx_word' id='word_1_22' title='bbox 235 695 374 750; x_wconf 83' lang='lat' dir='ltr'><strong>sestertios.</strong></span> <span class='ocrx_word' id='word_1_23' title='bbox 410 695 477 751; x_wconf 78' lang='lat' dir='ltr'><strong>&#39;Puni</strong></span> <span class='ocrx_word' id='word_1_24' title='bbox 500 702 615 753; x_wconf 77' lang='lat' dir='ltr'><strong>vetustas</strong></span> <span class='ocrx_word' id='word_1_25' title='bbox 634 696 796 768; x_wconf 76' lang='lat' dir='ltr'><strong>dignitasque</strong></span> <span class='ocrx_word' id='word_1_26' title='bbox 814 696 918 751; x_wconf 87' lang='lat' dir='ltr'><strong>eoloniee</strong></span> <span class='ocrx_word' id='word_1_27' title='bbox 937 695 1025 761; x_wconf 78' lang='lat' dir='ltr'><strong>valuit,</strong></span> 
     </span>
     <span class='ocr_line' id='line_1_5' title="bbox 235 772 1026 845; baseline 0.001 -20"><span class='ocrx_word' id='word_1_28' title='bbox 235 775 262 826; x_wconf 91' lang='lat' dir='ltr'><strong>et</strong></span> <span class='ocrx_word' id='word_1_29' title='bbox 274 772 352 827; x_wconf 74' lang='lat' dir='ltr'><strong>verba</strong></span> <span class='ocrx_word' id='word_1_30' title='bbox 362 772 435 828; x_wconf 76' lang='lat' dir='ltr'><strong>Fabii</strong></span> <span class='ocrx_word' id='word_1_31' title='bbox 450 773 559 829; x_wconf 80' lang='lat' dir='ltr'><strong>sulutem</strong></span> <span class='ocrx_word' id='word_1_32' title='bbox 574 775 826 845; x_wconf 73' lang='lat' dir='ltr'><strong>incolumitatemque</strong></span> <span class='ocrx_word' id='word_1_33' title='bbox 843 773 1026 828; x_wconf 81' lang='lat' dir='ltr'><strong>Viennensium</strong></span> 
     </span>
     <span class='ocr_line' id='line_1_6' title="bbox 235 849 1049 922; baseline 0 -18"><span class='ocrx_word' id='word_1_34' title='bbox 235 849 434 904; x_wconf 78' lang='lat' dir='ltr'><strong>oommendentis</strong></span> <span class='ocrx_word' id='word_1_35' title='bbox 450 850 529 921; x_wconf 79' lang='lat' dir='ltr'><strong>equis</strong></span> <span class='ocrx_word' id='word_1_36' title='bbox 547 852 651 908; x_wconf 78' lang='lat' dir='ltr'><strong>auribus</strong></span> <span class='ocrx_word' id='word_1_37' title='bbox 669 854 780 922; x_wconf 84' lang='lat' dir='ltr'><strong>eoeepte.</strong></span> <span class='ocrx_word' id='word_1_38' title='bbox 816 849 922 906; x_wconf 86' lang='lat' dir='ltr'><strong>Publiee</strong></span> <span class='ocrx_word' id='word_1_39' title='bbox 939 854 1049 905; x_wconf 75' lang='lat' dir='ltr'><strong>tament</strong></span> 
     </span>
     <span class='ocr_line' id='line_1_7' title="bbox 235 926 1027 1000; baseline 0.001 -19"><span class='ocrx_word' id='word_1_40' title='bbox 235 926 312 981; x_wconf 68' lang='lat' dir='ltr'><strong>ermis</strong></span> <span class='ocrx_word' id='word_1_41' title='bbox 323 927 431 992; x_wconf 82' lang='lat' dir='ltr'><strong>multati,</strong></span> <span class='ocrx_word' id='word_1_42' title='bbox 448 928 555 999; x_wconf 82' lang='lat' dir='ltr'><strong>privatis</strong></span> <span class='ocrx_word' id='word_1_43' title='bbox 567 933 593 984; x_wconf 86' lang='lat' dir='ltr'><strong>et</strong></span> <span class='ocrx_word' id='word_1_44' title='bbox 609 928 759 1000; x_wconf 78' lang='lat' dir='ltr'><strong>promiscuis</strong></span> <span class='ocrx_word' id='word_1_45' title='bbox 775 927 854 998; x_wconf 80' lang='lat' dir='ltr'><strong>copiis</strong></span> <span class='ocrx_word' id='word_1_46' title='bbox 863 927 951 998; x_wconf 85' lang='lat' dir='ltr'><strong>juvere</strong></span> <span class='ocrx_word' id='word_1_47' title='bbox 963 927 1027 982; x_wconf 85' lang='lat' dir='ltr'><strong>mili·</strong></span> 
     </span>
     <span class='ocr_line' id='line_1_8' title="bbox 234 1003 1049 1076; baseline 0.002 -18"><span class='ocrx_word' id='word_1_48' title='bbox 234 1007 296 1058; x_wconf 85' lang='lat' dir='ltr'><strong>tem.</strong></span> <span class='ocrx_word' id='word_1_49' title='bbox 332 1003 385 1067; x_wconf 83' lang='lat' dir='ltr'><strong>Sed</strong></span> <span class='ocrx_word' id='word_1_50' title='bbox 399 1005 468 1059; x_wconf 83' lang='lat' dir='ltr'><strong>inmo</strong></span> <span class='ocrx_word' id='word_1_51' title='bbox 483 1010 602 1060; x_wconf 80' lang='lat' dir='ltr'><strong>oonstsns</strong></span> <span class='ocrx_word' id='word_1_52' title='bbox 618 1006 669 1060; x_wconf 88' lang='lat' dir='ltr'><strong>init</strong></span> <span class='ocrx_word' id='word_1_53' title='bbox 685 1005 768 1076; x_wconf 87' lang='lat' dir='ltr'><strong>ipsum</strong></span> <span class='ocrx_word' id='word_1_54' title='bbox 784 1005 919 1059; x_wconf 77' lang='lat' dir='ltr'><strong>Valentem</strong></span> <span class='ocrx_word' id='word_1_55' title='bbox 934 1015 1049 1076; x_wconf 78' lang='lat' dir='ltr'><strong>megnet</strong></span> 
     </span>
     <span class='ocr_line' id='line_1_9' title="bbox 234 1081 1025 1153; baseline 0.001 -18"><span class='ocrx_word' id='word_1_56' title='bbox 234 1081 342 1152; x_wconf 78' lang='lat' dir='ltr'><strong>pecunie</strong></span> <span class='ocrx_word' id='word_1_57' title='bbox 353 1085 474 1152; x_wconf 82' lang='lat' dir='ltr'><strong>emptum.</strong></span> <span class='ocrx_word' id='word_1_58' title='bbox 510 1083 538 1137; x_wconf 86' lang='lat' dir='ltr'><strong>Is</strong></span> <span class='ocrx_word' id='word_1_59' title='bbox 549 1083 595 1138; x_wconf 89' lang='lat' dir='ltr'><strong>din</strong></span> <span class='ocrx_word' id='word_1_60' title='bbox 611 1082 734 1148; x_wconf 88' lang='lat' dir='ltr'><strong>sordidus,</strong></span> <span class='ocrx_word' id='word_1_61' title='bbox 748 1086 852 1153; x_wconf 87' lang='lat' dir='ltr'><strong>repente</strong></span> <span class='ocrx_word' id='word_1_62' title='bbox 864 1081 933 1137; x_wconf 88' lang='lat' dir='ltr'><strong>dives</strong></span> <span class='ocrx_word' id='word_1_63' title='bbox 945 1087 1025 1136; x_wconf 54' lang='lat' dir='ltr'><strong>mutu*</strong></span> 
     </span>
     <span class='ocr_line' id='line_1_10' title="bbox 233 1157 1026 1232; baseline 0 -20"><span class='ocrx_word' id='word_1_64' title='bbox 233 1157 330 1213; x_wconf 89' lang='lat' dir='ltr'><strong>tionem</strong></span> <span class='ocrx_word' id='word_1_65' title='bbox 349 1157 459 1214; x_wconf 70' lang='lat' dir='ltr'><strong>fortem</strong></span> <span class='ocrx_word' id='word_1_66' title='bbox 476 1159 541 1214; x_wconf 80' lang='lat' dir='ltr'><strong>mele</strong></span> <span class='ocrx_word' id='word_1_67' title='bbox 557 1159 670 1232; x_wconf 82' lang='lat' dir='ltr'><strong>tegebat,</strong></span> <span class='ocrx_word' id='word_1_68' title='bbox 690 1159 800 1214; x_wconf 69' lang='lat' dir='ltr'><strong>tenensis</strong></span> <span class='ocrx_word' id='word_1_69' title='bbox 819 1165 932 1231; x_wconf 85' lang='lat' dir='ltr'><strong>egestate</strong></span> <span class='ocrx_word' id='word_1_70' title='bbox 950 1159 1026 1230; x_wconf 81' lang='lat' dir='ltr'><strong>longa</strong></span> 
     </span>
     <span class='ocr_line' id='line_1_11' title="bbox 234 1235 1025 1308; baseline 0.003 -19"><span class='ocrx_word' id='word_1_71' title='bbox 234 1235 397 1305; x_wconf 76' lang='lat' dir='ltr'><strong>cupidinibus</strong></span> <span class='ocrx_word' id='word_1_72' title='bbox 414 1236 603 1305; x_wconf 77' lang='lat' dir='ltr'><strong>immoderatus,</strong></span> <span class='ocrx_word' id='word_1_73' title='bbox 620 1241 647 1292; x_wconf 84' lang='lat' dir='ltr'><strong>et</strong></span> <span class='ocrx_word' id='word_1_74' title='bbox 666 1236 736 1308; x_wconf 90' lang='lat' dir='ltr'><strong>inopi</strong></span> <span class='ocrx_word' id='word_1_75' title='bbox 751 1237 857 1308; x_wconf 83' lang='lat' dir='ltr'><strong>juventa</strong></span> <span class='ocrx_word' id='word_1_76' title='bbox 875 1255 952 1291; x_wconf 80' lang='lat' dir='ltr'><strong>senex</strong></span> <span class='ocrx_word' id='word_1_77' title='bbox 969 1253 1025 1307; x_wconf 82' lang='lat' dir='ltr'><strong>pro·</strong></span> 
     </span>
     <span class='ocr_line' id='line_1_12' title="bbox 234 1311 1048 1386; baseline 0.006 -19"><span class='ocrx_word' id='word_1_78' title='bbox 234 1311 318 1384; x_wconf 82' lang='lat' dir='ltr'><strong>digus.</strong></span> <span class='ocrx_word' id='word_1_79' title='bbox 354 1313 438 1368; x_wconf 84' lang='lat' dir='ltr'><strong>Lento</strong></span> <span class='ocrx_word' id='word_1_80' title='bbox 450 1313 541 1370; x_wconf 87' lang='lat' dir='ltr'><strong>deinde</strong></span> <span class='ocrx_word' id='word_1_81' title='bbox 556 1315 657 1386; x_wconf 78' lang='lat' dir='ltr'><strong>agmine</strong></span> <span class='ocrx_word' id='word_1_82' title='bbox 674 1333 720 1385; x_wconf 87' lang='lat' dir='ltr'><strong>per</strong></span> <span class='ocrx_word' id='word_1_83' title='bbox 736 1313 798 1369; x_wconf 85' lang='lat' dir='ltr'><strong>fines</strong></span> <span class='ocrx_word' id='word_1_84' title='bbox 814 1313 979 1386; x_wconf 85' lang='lat' dir='ltr'><strong>Allobrogum</strong></span> <span class='ocrx_word' id='word_1_85' title='bbox 996 1327 1048 1373; x_wconf 70' lang='lat' dir='ltr'><strong>neb</strong></span> 
     </span>
     <span class='ocr_line' id='line_1_13' title="bbox 235 1390 1026 1462; baseline 0.004 -19"><span class='ocrx_word' id='word_1_86' title='bbox 235 1390 419 1445; x_wconf 78' lang='lat' dir='ltr'><strong>Vocontiorum</strong></span> <span class='ocrx_word' id='word_1_87' title='bbox 442 1391 535 1446; x_wconf 86' lang='lat' dir='ltr'><strong>duetus</strong></span> <span class='ocrx_word' id='word_1_88' title='bbox 559 1393 693 1456; x_wconf 81' lang='lat' dir='ltr'><strong>exereitus,</strong></span> <span class='ocrx_word' id='word_1_89' title='bbox 717 1392 774 1462; x_wconf 77' lang='lat' dir='ltr'><strong>ipsa</strong></span> <span class='ocrx_word' id='word_1_90' title='bbox 800 1391 918 1446; x_wconf 88' lang='lat' dir='ltr'><strong>itinerum</strong></span> <span class='ocrx_word' id='word_1_91' title='bbox 943 1391 1026 1462; x_wconf 83' lang='lat' dir='ltr'><strong>spatie</strong></span> 
     </span>
     <span class='ocr_line' id='line_1_14' title="bbox 235 1468 1025 1539; baseline 0.001 -17"><span class='ocrx_word' id='word_1_92' title='bbox 235 1472 263 1522; x_wconf 81' lang='lat' dir='ltr'><strong>et</strong></span> <span class='ocrx_word' id='word_1_93' title='bbox 280 1469 430 1524; x_wconf 77' lang='lat' dir='ltr'><strong>stativorum</strong></span> <span class='ocrx_word' id='word_1_94' title='bbox 448 1470 602 1524; x_wconf 68' lang='lat' dir='ltr'><strong>mutationes</strong></span> <span class='ocrx_word' id='word_1_95' title='bbox 620 1470 767 1524; x_wconf 75' lang='lat' dir='ltr'><strong>venditante</strong></span> <span class='ocrx_word' id='word_1_96' title='bbox 785 1468 856 1535; x_wconf 89' lang='lat' dir='ltr'><strong>duee,</strong></span> <span class='ocrx_word' id='word_1_97' title='bbox 874 1468 947 1524; x_wconf 80' lang='lat' dir='ltr'><strong>ioedis</strong></span> <span class='ocrx_word' id='word_1_98' title='bbox 968 1486 1025 1539; x_wconf 85' lang='lat' dir='ltr'><strong>pae-</strong></span> 
     </span>
     <span class='ocr_line' id='line_1_15' title="bbox 234 1545 1025 1618; baseline 0.003 -20"><span class='ocrx_word' id='word_1_99' title='bbox 234 1545 348 1600; x_wconf 87' lang='lat' dir='ltr'><strong>tionibus</strong></span> <span class='ocrx_word' id='word_1_100' title='bbox 365 1545 487 1601; x_wconf 78' lang='lat' dir='ltr'><strong>adversus</strong></span> <span class='ocrx_word' id='word_1_101' title='bbox 504 1565 662 1618; x_wconf 80' lang='lat' dir='ltr'><strong>possessores</strong></span> <span class='ocrx_word' id='word_1_102' title='bbox 681 1565 797 1617; x_wconf 76' lang='lat' dir='ltr'><strong>agrorum</strong></span> <span class='ocrx_word' id='word_1_103' title='bbox 816 1551 842 1600; x_wconf 92' lang='lat' dir='ltr'><strong>et</strong></span> <span class='ocrx_word' id='word_1_104' title='bbox 860 1547 1025 1618; x_wconf 77' lang='lat' dir='ltr'><strong>magistratus</strong></span> 
     </span>
     <span class='ocr_line' id='line_1_16' title="bbox 234 1622 1026 1694; baseline 0.004 -19"><span class='ocrx_word' id='word_1_105' title='bbox 234 1622 375 1688; x_wconf 74' lang='lat' dir='ltr'><strong>civitatum,</strong></span> <span class='ocrx_word' id='word_1_106' title='bbox 387 1623 451 1678; x_wconf 65' lang='lat' dir='ltr'><strong>adeo</strong></span> <span class='ocrx_word' id='word_1_107' title='bbox 461 1623 594 1678; x_wconf 74' lang='lat' dir='ltr'><strong>minaciter</strong></span> <span class='ocrx_word' id='word_1_108' title='bbox 604 1630 635 1678; x_wconf 87' lang='lat' dir='ltr'><strong>nt</strong></span> <span class='ocrx_word' id='word_1_109' title='bbox 647 1624 720 1678; x_wconf 83' lang='lat' dir='ltr'><strong>Luco</strong></span> <span class='ocrx_word' id='word_1_110' title='bbox 737 1623 911 1694; x_wconf 72' lang='lat' dir='ltr'><strong>(municipium</strong></span> <span class='ocrx_word' id='word_1_111' title='bbox 928 1623 955 1678; x_wconf 88' lang='lat' dir='ltr'><strong>id</strong></span> <span class='ocrx_word' id='word_1_112' title='bbox 971 1623 1026 1678; x_wconf 83' lang='lat' dir='ltr'><strong>Vo-</strong></span> 
     </span>
     <span class='ocr_line' id='line_1_17' title="bbox 234 1700 1025 1772; baseline 0.003 -18"><span class='ocrx_word' id='word_1_113' title='bbox 234 1700 377 1754; x_wconf 70' lang='lat' dir='ltr'><strong>contiorum</strong></span> <span class='ocrx_word' id='word_1_114' title='bbox 389 1701 449 1771; x_wconf 88' lang='lat' dir='ltr'><strong>est‚)</strong></span> <span class='ocrx_word' id='word_1_115' title='bbox 462 1701 531 1756; x_wconf 79' lang='lat' dir='ltr'><strong>isoes</strong></span> <span class='ocrx_word' id='word_1_116' title='bbox 548 1701 696 1764; x_wconf 75' lang='lat' dir='ltr'><strong>admoverit,</strong></span> <span class='ocrx_word' id='word_1_117' title='bbox 710 1700 789 1756; x_wconf 84' lang='lat' dir='ltr'><strong>donee</strong></span> <span class='ocrx_word' id='word_1_118' title='bbox 807 1701 914 1772; x_wconf 81' lang='lat' dir='ltr'><strong>peeunie</strong></span> <span class='ocrx_word' id='word_1_119' title='bbox 925 1701 1025 1772; x_wconf 80' lang='lat' dir='ltr'><strong>mitigo·</strong></span> 
     </span>
     <span class='ocr_line' id='line_1_18' title="bbox 232 1777 1048 1850; baseline 0.005 -18"><span class='ocrx_word' id='word_1_120' title='bbox 232 1781 317 1832; x_wconf 84' lang='lat' dir='ltr'><strong>retur.-</strong></span> <span class='ocrx_word' id='word_1_121' title='bbox 351 1777 460 1837; x_wconf 81' lang='lat' dir='ltr'><strong>Quoties</strong></span> <span class='ocrx_word' id='word_1_122' title='bbox 484 1779 598 1849; x_wconf 74' lang='lat' dir='ltr'><strong>pecunie</strong></span> <span class='ocrx_word' id='word_1_123' title='bbox 621 1778 728 1833; x_wconf 75' lang='lat' dir='ltr'><strong>materia</strong></span> <span class='ocrx_word' id='word_1_124' title='bbox 751 1778 857 1844; x_wconf 88' lang='lat' dir='ltr'><strong>deesset,</strong></span> <span class='ocrx_word' id='word_1_125' title='bbox 877 1779 973 1850; x_wconf 88' lang='lat' dir='ltr'><strong>stupris</strong></span> <span class='ocrx_word' id='word_1_126' title='bbox 995 1781 1048 1836; x_wconf 77' lang='lat' dir='ltr'><strong>ett</strong></span> 
     </span>
     <span class='ocr_line' id='line_1_19' title="bbox 233 1854 923 1927; baseline 0.001 -18"><span class='ocrx_word' id='word_1_127' title='bbox 233 1854 366 1910; x_wconf 73' lang='lat' dir='ltr'><strong>adulteriis</strong></span> <span class='ocrx_word' id='word_1_128' title='bbox 378 1855 538 1910; x_wconf 70' lang='lat' dir='ltr'><strong>exorabatur.</strong></span> <span class='ocrx_word' id='word_1_129' title='bbox 573 1856 618 1910; x_wconf 83' lang='lat' dir='ltr'><strong>Sin</strong></span> <span class='ocrx_word' id='word_1_130' title='bbox 630 1855 663 1910; x_wconf 80' lang='lat' dir='ltr'><strong>ed</strong></span> <span class='ocrx_word' id='word_1_131' title='bbox 674 1856 753 1926; x_wconf 84' lang='lat' dir='ltr'><strong>Alpes</strong></span> <span class='ocrx_word' id='word_1_132' title='bbox 766 1860 923 1927; x_wconf 83' lang='lat' dir='ltr'><strong>perventum.</strong></span> 
     </span>
    </p>

    <p class='ocr_par' dir='ltr' id='par_1_4' title="bbox 231 1931 1069 3081">
     <span class='ocr_line' id='line_1_20' title="bbox 269 1931 1069 2003; baseline 0.003 -17"><span class='ocrx_word' id='word_1_133' title='bbox 269 1931 332 1986; x_wconf 92' lang='lat' dir='ltr'><strong>Plus</strong></span> <span class='ocrx_word' id='word_1_134' title='bbox 344 1931 610 2003; x_wconf 76' lang='lat' dir='ltr'><strong>predeeesengninis</strong></span> <span class='ocrx_word' id='word_1_135' title='bbox 620 1933 821 1988; x_wconf 79' lang='lat' dir='ltr'><strong>Goeeinehousit.</strong></span> <span class='ocrx_word' id='word_1_136' title='bbox 856 1933 1069 2002; x_wconf 66' lang='lat' dir='ltr'><strong>irriteterantss‘l</strong></span> 
     </span>
     <span class='ocr_line' id='line_1_21' title="bbox 233 2008 1023 2082; baseline 0.001 -19"><span class='ocrx_word' id='word_1_137' title='bbox 233 2008 365 2064; x_wconf 85' lang='lat' dir='ltr'><strong>turbidum</strong></span> <span class='ocrx_word' id='word_1_138' title='bbox 381 2010 511 2081; x_wconf 85' lang='lat' dir='ltr'><strong>ingenium</strong></span> <span class='ocrx_word' id='word_1_139' title='bbox 530 2009 652 2074; x_wconf 86' lang='lat' dir='ltr'><strong>Helvetii,</strong></span> <span class='ocrx_word' id='word_1_140' title='bbox 672 2009 767 2064; x_wconf 78' lang='lat' dir='ltr'><strong>Gellius</strong></span> <span class='ocrx_word' id='word_1_141' title='bbox 784 2029 855 2082; x_wconf 86' lang='lat' dir='ltr'><strong>gens,</strong></span> <span class='ocrx_word' id='word_1_142' title='bbox 872 2010 932 2064; x_wconf 89' lang='lat' dir='ltr'><strong>olim</strong></span> <span class='ocrx_word' id='word_1_143' title='bbox 948 2010 1023 2065; x_wconf 82' lang='lat' dir='ltr'><strong>ermis</strong></span> 
     </span>
     <span class='ocr_line' id='line_1_22' title="bbox 233 2086 1023 2157; baseline 0.003 -17"><span class='ocrx_word' id='word_1_144' title='bbox 233 2086 353 2157; x_wconf 80' lang='lat' dir='ltr'><strong>virisque,</strong></span> <span class='ocrx_word' id='word_1_145' title='bbox 371 2105 433 2140; x_wconf 82' lang='lat' dir='ltr'><strong>mox</strong></span> <span class='ocrx_word' id='word_1_146' title='bbox 450 2087 570 2141; x_wconf 84' lang='lat' dir='ltr'><strong>memorie</strong></span> <span class='ocrx_word' id='word_1_147' title='bbox 586 2087 695 2142; x_wconf 87' lang='lat' dir='ltr'><strong>nominis</strong></span> <span class='ocrx_word' id='word_1_148' title='bbox 713 2087 787 2152; x_wconf 71' lang='lat' dir='ltr'><strong>elate,</strong></span> <span class='ocrx_word' id='word_1_149' title='bbox 805 2087 837 2142; x_wconf 93' lang='lat' dir='ltr'><strong>de</strong></span> <span class='ocrx_word' id='word_1_150' title='bbox 853 2087 921 2142; x_wconf 81' lang='lat' dir='ltr'><strong>erede</strong></span> <span class='ocrx_word' id='word_1_151' title='bbox 937 2087 1023 2142; x_wconf 78' lang='lat' dir='ltr'><strong>Gelbte</strong></span> 
     </span>
     <span class='ocr_line' id='line_1_23' title="bbox 233 2162 1045 2234; baseline 0.001 -17"><span class='ocrx_word' id='word_1_152' title='bbox 233 2162 316 2233; x_wconf 84' lang='lat' dir='ltr'><strong>ignnri</strong></span> <span class='ocrx_word' id='word_1_153' title='bbox 339 2167 366 2218; x_wconf 81' lang='lat' dir='ltr'><strong>et</strong></span> <span class='ocrx_word' id='word_1_154' title='bbox 383 2163 630 2234; x_wconf 64' lang='lat' dir='ltr'><strong>Vitellii-merium</strong></span> <span class='ocrx_word' id='word_1_155' title='bbox 649 2163 796 2218; x_wconf 79' lang='lat' dir='ltr'><strong>abnuentes.</strong></span> <span class='ocrx_word' id='word_1_156' title='bbox 833 2164 939 2218; x_wconf 90' lang='lat' dir='ltr'><strong>Initium</strong></span> <span class='ocrx_word' id='word_1_157' title='bbox 957 2163 1045 2224; x_wconf 67' lang='lat' dir='ltr'><strong>bellot</strong></span> 
     </span>
     <span class='ocr_line' id='line_1_24' title="bbox 234 2239 1022 2312; baseline 0.001 -17"><span class='ocrx_word' id='word_1_158' title='bbox 234 2239 285 2295; x_wconf 88' lang='lat' dir='ltr'><strong>fuit</strong></span> <span class='ocrx_word' id='word_1_159' title='bbox 300 2241 406 2294; x_wconf 80' lang='lat' dir='ltr'><strong>avaritie</strong></span> <span class='ocrx_word' id='word_1_160' title='bbox 421 2259 451 2295; x_wconf 86' lang='lat' dir='ltr'><strong>ee</strong></span> <span class='ocrx_word' id='word_1_161' title='bbox 466 2241 597 2295; x_wconf 76' lang='lat' dir='ltr'><strong>festinatio</strong></span> <span class='ocrx_word' id='word_1_162' title='bbox 614 2241 804 2296; x_wconf 71' lang='lat' dir='ltr'><strong>unetvicesimae</strong></span> <span class='ocrx_word' id='word_1_163' title='bbox 821 2240 935 2312; x_wconf 84' lang='lat' dir='ltr'><strong>legionis.</strong></span> <span class='ocrx_word' id='word_1_164' title='bbox 972 2241 1022 2296; x_wconf 84' lang='lat' dir='ltr'><strong>Re-</strong></span> 
     </span>
     <span class='ocr_line' id='line_1_25' title="bbox 233 2317 1023 2390; baseline 0.004 -19"><span class='ocrx_word' id='word_1_165' title='bbox 233 2321 342 2387; x_wconf 78' lang='lat' dir='ltr'><strong>puerunt</strong></span> <span class='ocrx_word' id='word_1_166' title='bbox 360 2317 490 2389; x_wconf 78' lang='lat' dir='ltr'><strong>pecuniam</strong></span> <span class='ocrx_word' id='word_1_167' title='bbox 506 2318 608 2372; x_wconf 76' lang='lat' dir='ltr'><strong>missam</strong></span> <span class='ocrx_word' id='word_1_168' title='bbox 620 2318 648 2372; x_wconf 90' lang='lat' dir='ltr'><strong>in</strong></span> <span class='ocrx_word' id='word_1_169' title='bbox 663 2317 815 2389; x_wconf 88' lang='lat' dir='ltr'><strong>stipendium</strong></span> <span class='ocrx_word' id='word_1_170' title='bbox 833 2318 937 2384; x_wconf 81' lang='lat' dir='ltr'><strong>castelli,</strong></span> <span class='ocrx_word' id='word_1_171' title='bbox 955 2318 1023 2390; x_wconf 87' lang='lat' dir='ltr'><strong>qnod</strong></span> 
     </span>
     <span class='ocr_line' id='line_1_26' title="bbox 233 2393 1020 2466; baseline 0.006 -19"><span class='ocrx_word' id='word_1_172' title='bbox 233 2393 293 2447; x_wconf 91' lang='lat' dir='ltr'><strong>olim</strong></span> <span class='ocrx_word' id='word_1_173' title='bbox 311 2393 425 2448; x_wconf 81' lang='lat' dir='ltr'><strong>Helvetii</strong></span> <span class='ocrx_word' id='word_1_174' title='bbox 442 2394 496 2448; x_wconf 86' lang='lat' dir='ltr'><strong>suis</strong></span> <span class='ocrx_word' id='word_1_175' title='bbox 519 2394 642 2449; x_wconf 89' lang='lat' dir='ltr'><strong>militibus</strong></span> <span class='ocrx_word' id='word_1_176' title='bbox 666 2413 696 2449; x_wconf 82' lang='lat' dir='ltr'><strong>uo</strong></span> <span class='ocrx_word' id='word_1_177' title='bbox 719 2393 851 2466; x_wconf 87' lang='lat' dir='ltr'><strong>stipendiis</strong></span> <span class='ocrx_word' id='word_1_178' title='bbox 875 2396 1020 2452; x_wconf 81' lang='lat' dir='ltr'><strong>tuebuntur.</strong></span> 
     </span>
     <span class='ocr_line' id='line_1_27' title="bbox 233 2470 1043 2544; baseline 0.009 -19"><span class='ocrx_word' id='word_1_179' title='bbox 233 2470 313 2542; x_wconf 76' lang='lat' dir='ltr'><strong>AEgre</strong></span> <span class='ocrx_word' id='word_1_180' title='bbox 325 2471 351 2525; x_wconf 94' lang='lat' dir='ltr'><strong>id</strong></span> <span class='ocrx_word' id='word_1_181' title='bbox 363 2472 431 2542; x_wconf 81' lang='lat' dir='ltr'><strong>pessi</strong></span> <span class='ocrx_word' id='word_1_182' title='bbox 442 2471 563 2536; x_wconf 82' lang='lat' dir='ltr'><strong>Helvetii,</strong></span> <span class='ocrx_word' id='word_1_183' title='bbox 576 2471 723 2542; x_wconf 83' lang='lat' dir='ltr'><strong>interceptis</strong></span> <span class='ocrx_word' id='word_1_184' title='bbox 732 2471 845 2543; x_wconf 86' lang='lat' dir='ltr'><strong>epistolis</strong></span> <span class='ocrx_word' id='word_1_185' title='bbox 857 2491 912 2544; x_wconf 75' lang='lat' dir='ltr'><strong>qne</strong></span> <span class='ocrx_word' id='word_1_186' title='bbox 921 2475 1043 2532; x_wconf 73' lang='lat' dir='ltr'><strong>nomines</strong></span> 
     </span>
     <span class='ocr_line' id='line_1_28' title="bbox 234 2547 1020 2620; baseline 0.006 -18"><span class='ocrx_word' id='word_1_187' title='bbox 234 2547 377 2605; x_wconf 73' lang='lat' dir='ltr'><strong>Germanioi</strong></span> <span class='ocrx_word' id='word_1_188' title='bbox 388 2549 515 2603; x_wconf 81' lang='lat' dir='ltr'><strong>exereitus</strong></span> <span class='ocrx_word' id='word_1_189' title='bbox 527 2547 559 2602; x_wconf 83' lang='lat' dir='ltr'><strong>ed</strong></span> <span class='ocrx_word' id='word_1_190' title='bbox 570 2548 728 2604; x_wconf 82' lang='lat' dir='ltr'><strong>Pannoniees</strong></span> <span class='ocrx_word' id='word_1_191' title='bbox 742 2550 854 2620; x_wconf 86' lang='lat' dir='ltr'><strong>legiones</strong></span> <span class='ocrx_word' id='word_1_192' title='bbox 866 2551 1020 2618; x_wconf 85' lang='lat' dir='ltr'><strong>ferebantur,</strong></span> 
     </span>
     <span class='ocr_line' id='line_1_29' title="bbox 233 2625 1019 2696; baseline 0.005 -16"><span class='ocrx_word' id='word_1_193' title='bbox 233 2626 406 2680; x_wconf 84' lang='lat' dir='ltr'><strong>eenturionenr</strong></span> <span class='ocrx_word' id='word_1_194' title='bbox 418 2630 445 2680; x_wconf 86' lang='lat' dir='ltr'><strong>et</strong></span> <span class='ocrx_word' id='word_1_195' title='bbox 456 2625 579 2696; x_wconf 72' lang='lat' dir='ltr'><strong>quosdam</strong></span> <span class='ocrx_word' id='word_1_196' title='bbox 590 2626 699 2680; x_wconf 87' lang='lat' dir='ltr'><strong>militum</strong></span> <span class='ocrx_word' id='word_1_197' title='bbox 709 2627 736 2681; x_wconf 91' lang='lat' dir='ltr'><strong>in</strong></span> <span class='ocrx_word' id='word_1_198' title='bbox 744 2627 860 2682; x_wconf 77' lang='lat' dir='ltr'><strong>custodie</strong></span> <span class='ocrx_word' id='word_1_199' title='bbox 868 2629 1019 2684; x_wconf 80' lang='lat' dir='ltr'><strong>retinebunt.</strong></span> 
     </span>
     <span class='ocr_line' id='line_1_30' title="bbox 233 2701 1044 2776; baseline 0.005 -20"><span class='ocrx_word' id='word_1_200' title='bbox 233 2701 335 2756; x_wconf 78' lang='lat' dir='ltr'><strong>Oaeeina</strong></span> <span class='ocrx_word' id='word_1_201' title='bbox 345 2702 404 2757; x_wconf 91' lang='lat' dir='ltr'><strong>belli</strong></span> <span class='ocrx_word' id='word_1_202' title='bbox 415 2702 504 2757; x_wconf 80' lang='lat' dir='ltr'><strong>nvidus</strong></span> <span class='ocrx_word' id='word_1_203' title='bbox 520 2703 663 2773; x_wconf 83' lang='lat' dir='ltr'><strong>proximem</strong></span> <span class='ocrx_word' id='word_1_204' title='bbox 681 2723 807 2776; x_wconf 84' lang='lat' dir='ltr'><strong>quemque</strong></span> <span class='ocrx_word' id='word_1_205' title='bbox 825 2705 932 2776; x_wconf 86' lang='lat' dir='ltr'><strong>culpem,</strong></span> <span class='ocrx_word' id='word_1_206' title='bbox 951 2711 1044 2766; x_wconf 77' lang='lat' dir='ltr'><strong>ente-4</strong></span> 
     </span>
     <span class='ocr_line' id='line_1_31' title="bbox 232 2779 1018 2853; baseline 0.004 -20"><span class='ocrx_word' id='word_1_207' title='bbox 232 2797 309 2849; x_wconf 79' lang='lat' dir='ltr'><strong>quem</strong></span> <span class='ocrx_word' id='word_1_208' title='bbox 332 2781 472 2850; x_wconf 75' lang='lat' dir='ltr'><strong>peniteret,</strong></span> <span class='ocrx_word' id='word_1_209' title='bbox 494 2779 578 2834; x_wconf 89' lang='lat' dir='ltr'><strong>ultum</strong></span> <span class='ocrx_word' id='word_1_210' title='bbox 601 2779 662 2836; x_wconf 81' lang='lat' dir='ltr'><strong>ibat.</strong></span> <span class='ocrx_word' id='word_1_211' title='bbox 702 2782 778 2836; x_wconf 79' lang='lat' dir='ltr'><strong>Moto</strong></span> <span class='ocrx_word' id='word_1_212' title='bbox 799 2800 905 2853; x_wconf 90' lang='lat' dir='ltr'><strong>propere</strong></span> <span class='ocrx_word' id='word_1_213' title='bbox 929 2787 1018 2845; x_wconf 81' lang='lat' dir='ltr'><strong>eastra,</strong></span> 
     </span>
     <span class='ocr_line' id='line_1_32' title="bbox 231 2857 1021 2930; baseline 0.001 -19"><span class='ocrx_word' id='word_1_214' title='bbox 231 2857 326 2912; x_wconf 83' lang='lat' dir='ltr'><strong>vastati</strong></span> <span class='ocrx_word' id='word_1_215' title='bbox 343 2858 405 2930; x_wconf 74' lang='lat' dir='ltr'><strong>agri,</strong></span> <span class='ocrx_word' id='word_1_216' title='bbox 424 2858 538 2929; x_wconf 87' lang='lat' dir='ltr'><strong>direptus</strong></span> <span class='ocrx_word' id='word_1_217' title='bbox 556 2858 632 2930; x_wconf 82' lang='lat' dir='ltr'><strong>longe</strong></span> <span class='ocrx_word' id='word_1_218' title='bbox 649 2877 711 2930; x_wconf 86' lang='lat' dir='ltr'><strong>puee</strong></span> <span class='ocrx_word' id='word_1_219' title='bbox 728 2860 755 2914; x_wconf 89' lang='lat' dir='ltr'><strong>in</strong></span> <span class='ocrx_word' id='word_1_220' title='bbox 771 2859 872 2914; x_wconf 87' lang='lat' dir='ltr'><strong>modum</strong></span> <span class='ocrx_word' id='word_1_221' title='bbox 890 2859 1021 2928; x_wconf 90' lang='lat' dir='ltr'><strong>munioipii</strong></span> 
     </span>
     <span class='ocr_line' id='line_1_33' title="bbox 232 2935 1019 3006; baseline -0.004 -16"><span class='ocrx_word' id='word_1_222' title='bbox 232 2940 378 2991; x_wconf 70' lang='lat' dir='ltr'><strong>exstruetur</strong></span> <span class='ocrx_word' id='word_1_223' title='bbox 396 2935 474 3000; x_wconf 85' lang='lat' dir='ltr'><strong>loeus,</strong></span> <span class='ocrx_word' id='word_1_224' title='bbox 492 2953 589 2990; x_wconf 82' lang='lat' dir='ltr'><strong>emoeno</strong></span> <span class='ocrx_word' id='word_1_225' title='bbox 606 2936 745 2991; x_wconf 80' lang='lat' dir='ltr'><strong>salubrium</strong></span> <span class='ocrx_word' id='word_1_226' title='bbox 763 2953 884 3006; x_wconf 78' lang='lat' dir='ltr'><strong>aquenum</strong></span> <span class='ocrx_word' id='word_1_227' title='bbox 902 2954 951 2988; x_wconf 89' lang='lat' dir='ltr'><strong>usu</strong></span> <span class='ocrx_word' id='word_1_228' title='bbox 971 2935 1019 2988; x_wconf 90' lang='lat' dir='ltr'><strong>fre·</strong></span> 
     </span>
     <span class='ocr_line' id='line_1_34' title="bbox 233 3008 1041 3081; baseline -0.009 -10"><span class='ocrx_word' id='word_1_229' title='bbox 233 3030 322 3081; x_wconf 78' lang='lat' dir='ltr'><strong>quens.</strong></span> <span class='ocrx_word' id='word_1_230' title='bbox 356 3012 434 3070; x_wconf 79' lang='lat' dir='ltr'><strong>Missi</strong></span> <span class='ocrx_word' id='word_1_231' title='bbox 451 3013 484 3069; x_wconf 83' lang='lat' dir='ltr'><strong>ad</strong></span> <span class='ocrx_word' id='word_1_232' title='bbox 500 3013 603 3068; x_wconf 70' lang='lat' dir='ltr'><strong>Retico</strong></span> <span class='ocrx_word' id='word_1_233' title='bbox 619 3013 714 3068; x_wconf 73' lang='lat' dir='ltr'><strong>anxilio</strong></span> <span class='ocrx_word' id='word_1_234' title='bbox 729 3011 822 3074; x_wconf 85' lang='lat' dir='ltr'><strong>nuntii,</strong></span> <span class='ocrx_word' id='word_1_235' title='bbox 839 3014 870 3064; x_wconf 84' lang='lat' dir='ltr'><strong>ut</strong></span> <span class='ocrx_word' id='word_1_236' title='bbox 887 3027 973 3064; x_wconf 81' lang='lat' dir='ltr'><strong>versos</strong></span> <span class='ocrx_word' id='word_1_237' title='bbox 990 3008 1041 3064; x_wconf 78' lang='lat' dir='ltr'><strong>int</strong></span> 
     </span>
    </p>
   </div>
   <div class='ocr_carea' id='block_1_4' title="bbox 0 0 1292 3592">
    <p class='ocr_par' dir='ltr' id='par_1_5' title="bbox 0 0 1292 3592">
     <span class='ocr_line' id='line_1_35' title="bbox 0 0 1292 3592; baseline 0 0"><span class='ocrx_word' id='word_1_238' title='bbox 0 0 1292 3592; x_wconf 95' lang='lat' dir='ltr'><strong> </strong></span> 
     </span>
    </p>
   </div>
  </div>
 </body>
</html>
