2575 3592
307 436 354 483 202
634 436 757 484 TACITI

932 499 969 545 [A
980 497 1009 536 U.
1019 499 1043 536 θ.
1051 497 1100 536 823.

307 546 389 601 sentia
399 546 523 618 placuere.
560 547 713 602 Scribuntur
730 547 762 602 ad
778 547 902 603 Treveros
915 548 1040 619 epistola,
1052 564 1103 599 no·

306 622 373 678 minc
390 622 534 689 Galliarum,
547 627 577 678 ut
589 624 746 680 abstinerent
762 625 845 693 armis,
857 624 1011 695 impetrabili
1023 625 1104 678 renis

284 704 333 755 sec
345 700 439 771 paratis
455 699 668 771 deprecatoribus,
684 703 706 757 si
721 702 863 772 paeniteret,
899 702 1012 756 Restitit
1028 701 1103 755 idem

306 777 464 841 Valentinus,
489 777 668 847 obstruxitque
694 780 806 834 civitatis
834 797 887 834 susc
914 796 998 843 aures,
1028 776 1103 832 haud

307 846 410 917 perinde
425 847 573 901 instruendo
589 848 654 903 bello
672 848 793 914 intentus,
807 868 883 920 quam
899 848 1020 919 frequens
1039 866 1102 902 con-

262 920 427 982 70cionibue.
473 923 559 994 Igitur
581 942 633 979 nou
656 925 766 991 Tbeveri,
790 944 872 997 neque
894 925 1027 996 Lingones
1051 942 1102 979 cas·

305 1004 398 1055 teraeve
416 999 547 1054 rebellium
570 1001 761 1073 civitatesque
783 1001 959 1073 magnitudine
982 1000 1101 1071 suscepti

305 1075 455 1131 discriminis
479 1095 561 1149 agere.
597 1078 640 1133 Ne
663 1078 749 1133 Duces
768 1079 870 1151 quidem
890 1078 917 1133 iu
934 1097 1014 1133 unum
1036 1096 1099 1132 con·

306 1152 396 1208 sulere.
433 1154 483 1209 Sed
501 1154 589 1209 Civilis
612 1155 669 1210 avia
685 1155 822 1227 Belgarum
845 1155 1014 1211 circumibat:
1034 1155 1099 1209 dum

284 1230 440 1285 aclaudium
448 1230 591 1287 Labeonem
601 1250 690 1303 capere
699 1232 994 1288 autextnrbarenititur.
1026 1232 1098 1286 Clas-

305 1308 381 1373 sicus,
399 1327 476 1380 segne
491 1308 638 1381 plerumque
652 1310 733 1365 otium
747 1310 859 1376 trahens,
874 1309 945 1364 velut
959 1312 1037 1380 parto
1048 1310 1098 1363 iur-

304 1384 375 1457 perio
397 1385 536 1441 fruebatur.
571 1386 614 1441 Ne
632 1386 715 1441 Tutor
734 1387 835 1459 quidem
857 1387 995 1441 maturavit
1018 1405 1097 1457 supe-

304 1463 395 1517 riorem
420 1463 560 1518 Germania
583 1463 664 1534 ripam
688 1468 715 1519 et
739 1463 819 1518 ardna
841 1464 946 1534 Alpium
969 1463 1096 1535 praesidiis

282 1538 427 1595 telaudere.
463 1542 549 1612 Atque
571 1540 674 1595 interim
697 1541 884 1596 unetvicesima
906 1540 973 1612 legio
995 1540 1097 1595 Vindo-

304 1616 380 1682 nissb,
406 1617 527 1672 Sextilius
551 1617 623 1672 Felix
646 1636 704 1673 cum
725 1618 861 1673 auxiliariis
881 1616 1030 1672 cohortibus
1050 1636 1097 1688 per

304 1692 431 1749 Rbaetism
451 1694 571 1764 irrupere.
607 1696 723 1750 Accessit
744 1695 784 1749 ala
808 1694 986 1765 Singularium,
1008 1694 1097 1749 excita

304 1770 363 1824 olim
375 1788 390 1824 a
401 1770 512 1836 Vitellio,
526 1770 616 1826 deinde
627 1772 655 1825 in
666 1776 751 1843 partes
763 1771 913 1842 Vespasiani
924 1775 1095 1843 transgressa.

303 1845 415 1901 Praeerat
429 1846 513 1901 Julius
531 1848 702 1918 Briganticus,
719 1867 804 1904 sorore
822 1848 910 1903 Civilis
931 1848 1045 1920 genitus,
1063 1852 1096 1902 ut

303 1922 383 1977 ferme
394 1923 514 1977 acerrima
525 1925 696 1993 pmximorum
708 1925 846 1991 odierant,
859 1925 955 1980 inrisus
967 1925 1096 1979 avunculo

280 1998 474 2070 tiniensusque.
510 2000 592 2055 Tutor
612 2004 779 2057 Treverorum
797 2003 890 2073 copias,
908 2003 1005 2057 recenti
1023 2003 1097 2056 Vau-

304 2076 415 2148 gionum,
436 2076 604 2145 Oaracatium,
624 2079 788 2134 Tribocorum
811 2079 911 2134 delectu
934 2084 1030 2144 auctas,
1050 2098 1098 2133 ve.
1145 2087 1146 2122 l

304 2158 393 2209 tarano
404 2153 489 2226 pedite
507 2158 584 2225 atque
601 2156 687 2225 equite
702 2156 819 2221 firmarit,
837 2156 964 2227 corruptis
980 2174 1035 2226 spe,
1048 2160 1096 2211 aut

304 2236 376 2288 metu
399 2233 511 2289 subactis
531 2233 690 2305 legionariis:
709 2235 753 2305 qui
773 2235 855 2306 primo
871 2234 1008 2299 cohortem,
1028 2254 1097 2306 pras

305 2312 407 2366 missam
426 2330 442 2366 a
458 2312 563 2367 Sextilio
578 2311 670 2377 Felice,
684 2313 854 2380 interficiunt3
872 2330 933 2367 mox
948 2312 994 2367 ubi
1004 2313 1096 2368 Duces

304 2388 481 2459 exercitusque
503 2388 635 2443 Romanus
655 2389 864 2461 propinquabant,
883 2389 991 2445 honesto
1009 2394 1095 2444 traus-

304 2463 375 2534 lugio
389 2464 502 2520 rediere:
522 2466 616 2520 secutis
633 2465 747 2521 Tribocis
763 2466 988 2537 Vangionibusque
1001 2471 1031 2520 ct
1042 2466 1096 2521 Ca-

283 2540 438 2595 bracatibus.
475 2542 562 2607 Tutor,
584 2542 701 2596 Treveris
724 2542 910 2608 comitantibus,
934 2543 1016 2597 vitato
1035 2544 1094 2597 bla-

304 2618 429 2689 gentiam,
449 2618 570 2690 Bingium
587 2621 721 2685 concessit,
739 2620 819 2675 fidem
836 2620 899 2686 loco,
914 2621 974 2692 quie
987 2625 1093 2691 pontem

305 2693 384 2747 Nava
396 2693 507 2748 fluminis
524 2695 666 2765 abruperat,
683 2696 729 2751 sed
744 2697 849 2752 incursu
862 2697 1009 2761 cohortium,
1028 2716 1094 2768 quas

305 2768 426 2823 Sextilius
443 2768 559 2837 ducebat,
575 2778 602 2825 et
620 2777 721 2843 reperto
737 2774 809 2839 rado,
824 2774 939 2844 proditus
958 2773 1092 2845 lususque.

305 2844 343 2897 Eu
354 2844 424 2900 clade
440 2845 550 2915 perculsi
565 2847 677 2913 Treveri,
690 2854 717 2903 et
733 2850 827 2919 plebes,
839 2851 938 2905 omissis
949 2851 1033 2914 minis,
1045 2868 1094 2921 per

283 2928 379 2989 ongo·
393 2921 501 2991 palatur.
538 2921 648 2979 Quidem
668 2925 822 2996 Principum,
838 2932 868 2981 ut
882 2927 958 2997 primi
976 2927 1093 2997 posuisse

305 2994 397 3050 bellum
420 2996 572 3063 viderentur,
596 2999 624 3051 iu
647 3001 770 3069 civitates,
793 3022 851 3075 quas
868 3004 1015 3059 sceletum
1038 3004 1091 3063 llo·
