2575 3592
302 444 348 494 len
632 445 758 494 TACITI'

917 506 1088 569 pinosus.

299 555 335 611 nt
345 554 480 610 Mriunns
491 553 618 610 exereitus
629 555 737 612 immune
749 558 871 628 qnantum
884 574 967 612 ummo
978 557 1090 612 exitium

302 632 417 687 Valentis
440 635 471 686 nt
491 633 566 687 finem
584 631 643 687 belli
667 633 771 704 aeoepit.
807 633 892 689 Natus
916 639 970 689 erut
991 634 1090 689 anens

279 708 430 780 ednagniae,
441 708 553 779 equestri
564 708 665 763 semilis
700 708 800 765 Proosx
813 708 932 775 moribus,
945 728 1027 781 neque
1046 710 1091 765 sb-

300 784 393 840 surdus
404 785 513 857 ingenio,
524 786 618 840 famam
631 785 782 842 urbanitatis
799 804 845 858 per
855 786 982 842 lmoivinm
993 790 1090 858 petore-

300 861 411 917 Imdioro
433 862 555 932 juvenum
583 860 632 917 sub
655 862 758 918 Nerone
780 862 851 918 velut
873 881 906 918 ex
928 863 1089 930 necessitate,

300 955 360 992 mox
377 942 467 1008 sponte
484 938 573 993 mimos
591 938 713 1006 actitavit,
731 939 794 994 soite
811 940 892 1011 magis
910 958 984 1011 quam
1001 938 1090 1011 probe

279 1014 414 1085 slegstus
426 1014 532 1085 legionis
540 1019 567 1070 et
578 1014 643 1070 fovit
651 1016 800 1087 Verginium
811 1022 838 1071 et
849 1016 987 1071 infamavit.
1022 1015 1091 1070 Fon·

300 1090 380 1145 teium
398 1090 546 1161 Capitonem
560 1095 716 1161 surruptum,
729 1110 775 1149 seu
791 1093 851 1164 quis
868 1110 1027 1164 eorrumpere
1044 1111 1093 1148 ne-

301 1167 428 1237 qniveret,
441 1167 577 1223 interfecit
612 1168 698 1224 Gulbae
716 1169 838 1240 proditor,
854 1169 959 1225 Vitellio
977 1168 1045 1224 fidus
1062 1174 1093 1225 et

301 1243 406 1298 eliorum
421 1243 526 1315 perfidis
542 1244 693 1300 illustrutns.

256 1316 295 1374 63
335 1320 453 1392 Abmptn
478 1320 590 1392 undique
612 1338 666 1391 spe,
685 1320 837 1377 Vitellianus
860 1321 940 1387 miles,
964 1322 1092 1377 trunsitu-

300 1416 345 1453 rns
355 1398 383 1453 in
393 1403 488 1468 partes,
499 1397 526 1453 id
536 1414 636 1469 quoque
653 1416 705 1454 non
717 1399 771 1454 sine
782 1399 879 1466 deoore,
893 1398 937 1455 sed
949 1399 997 1455 sub
1008 1399 1092 1471 signis

300 1474 449 1545 vexillisque
471 1474 500 1529 in
523 1473 651 1545 subjectos
675 1475 778 1531 Narniae
801 1494 904 1547 osmpos
928 1475 1091 1532 descendere.

301 1551 435 1607 Flavianus
445 1551 579 1616 exereitus,
591 1553 622 1605 ut
632 1550 667 1605 sd
674 1552 788 1622 prolium
799 1553 913 1608 intentus
925 1557 1093 1624 ornatusque,

280 1627 385 1687 ndensis
396 1627 463 1683 ciros
479 1627 545 1682 vium
560 1626 691 1683 ordinibus
702 1627 844 1684 adstiterat.
880 1629 987 1700 Aooepti
998 1629 1026 1683 in
1038 1647 1095 1684 me-

301 1703 371 1758 dium
385 1703 522 1768 Vitelliani,
540 1707 567 1759 et
585 1703 753 1760 circumdatos
770 1705 871 1760 Primus
889 1705 1017 1761 Antonius
1036 1705 1090 1761 olo-

301 1784 399 1835 menter
412 1780 554 1851 alloquitur.
590 1780 655 1835 Pars
667 1780 778 1850 Nunnio,
789 1800 848 1853 pars
863 1782 1016 1837 Interumnss
1031 1781 1094 1838 snb-

302 1857 390 1912 sistere
411 1856 483 1927 jussi
529 1856 637 1912 Relicto
660 1857 735 1912 simul
758 1876 773 1914 e
795 1859 942 1915 victrioibus
965 1858 1092 1930 legiones,

301 1950 383 2001 neque
399 1932 586 2003 quiesoentibus
606 1952 697 2005 graves
716 1938 743 1989 et
763 1935 884 1991 adversus
905 1936 1095 1992 oontumsoism

279 2008 397 2068 tuuddoe.
432 2009 494 2064 Non
510 2009 618 2065 omisere
636 2028 683 2081 per
702 2028 746 2065 eos
767 2011 820 2067 dies
840 2012 941 2067 Primus
959 2030 989 2067 uo
1005 2012 1096 2069 Verus

302 2086 396 2142 crebris
415 2085 512 2141 nuntiis
531 2086 639 2141 sulutem
659 2090 686 2141 et
700 2088 832 2159 pecuniam
851 2094 878 2144 et
897 2092 996 2145 secretu
1015 2089 1096 2145 Osm-

302 2172 384 2241 puniae
410 2170 501 2225 offerre
526 2169 639 2236 Vitellio,
670 2171 701 2235 si,
730 2172 820 2243 positis
846 2173 930 2239 sumis,
960 2190 1042 2243 seque
1066 2191 1099 2230 so

280 2246 394 2304 eluderes
411 2264 471 2302 snos
489 2247 645 2318 Vespasiano
662 2248 827 2318 permisisset.
863 2250 896 2304 In
913 2248 1023 2304 eundern
1041 2268 1099 2305 mo-

303 2324 363 2379 dum
385 2327 413 2379 et
432 2324 569 2378 Munianus
592 2325 734 2395 oomposuit
757 2325 894 2395 epistolss3
924 2325 1016 2397 quibus
1041 2326 1098 2398 ple-

302 2419 409 2471 rumque
436 2400 515 2456 fidere
547 2400 675 2466 Vitellius,
702 2419 732 2457 uo
759 2402 791 2457 de
819 2420 925 2458 numero
953 2420 1097 2470 servorum,

303 2476 425 2533 electione
449 2476 561 2543 litorum,
588 2476 666 2548 loqui.
723 2478 806 2534 Tanta
831 2478 938 2551 torpedo
965 2480 1099 2537 invaserat

304 2553 414 2608 animum
426 2558 465 2621 nt,
477 2554 500 2609 si
516 2554 656 2625 prinoipem
671 2570 730 2609 enm
743 2555 822 2611 fnisse
838 2557 923 2612 oaeteri
938 2574 990 2611 non
1005 2558 1100 2613 memi-

260 2630 408 2694 64nissent,
437 2629 493 2700 ipse
521 2630 719 2687 oblivisoeretur.
761 2634 799 2688 At
828 2633 950 2705 primores
980 2633 1099 2690 civitatis

304 2705 419 2761 Flsvium
431 2704 559 2769 Sabinum,
570 2706 718 2776 prefectum
729 2708 808 2775 urbis,
821 2710 926 2765 seeretis
934 2710 1099 2766 sermonibus

304 2782 450 2846 ineitsbunt,
466 2781 579 2837 victorin
593 2782 717 2853 farreque
733 2789 832 2854 partem
843 2788 994 2857 ospesserot.
1030 2787 1099 2843 Esse

304 2857 342 2913 illi
364 2857 494 2929 proprium
513 2857 619 2913 militem
640 2860 783 2915 cohortium
802 2862 962 2931 urbanarum,
983 2880 1033 2919 nee
1054 2863 1099 2919 de·

305 2933 406 2989 futurus
424 2932 530 3005 vigilum
552 2934 678 2999 oohorles,
698 2937 802 2993 servitis
823 2938 943 3011 ipsorum,
964 2938 1098 2995 fo1tunsm

284 3009 423 3081 spartium,
436 3014 464 3067 et
479 3009 564 3066 omniu
579 3027 660 3081 prous
674 3011 820 3071 victoribus.
856 3014 899 3071 Ne
913 3014 1029 3073 Antonio
1043 3014 1099 3071 Vas
