2575 3592
425 416 618 467 GERMANIA
645 417 747 464 10-13.
931 420 978 468 Ν

194 532 271 585 dendi
293 531 373 607 magis
396 549 472 602 qnam
491 529 600 602 jubendi
623 533 760 600 potestate.
777 523 780 527 ⁴
800 528 827 583 Si
850 522 999 600 displicantss

193 609 326 677 sententia,
349 608 453 663 fremitu
476 611 662 679 aspernantnr3
681 606 720 660 sin
744 605 846 676 placuit,
870 609 978 661 frameas

193 686 357 741 concutiunt:
375 685 597 740 honoratissimum
615 702 732 739 assensus
750 700 830 755 genus
846 689 890 738 est>
902 686 977 738 amris

192 763 302 818 lundam.
338 762 412 818 Licet
436 760 505 833 apud
528 761 661 817 concilium
685 778 804 816 accusare
828 778 928 832 quoque
951 754 1027 815 etiss'

192 840 325 895 discrimen
348 840 437 911 capitis
460 838 598 895 intendere.
635 839 772 894 Distinctio
795 856 923 909 prunarum
945 856 978 892 ex

191 918 292 973 delicto.
328 916 474 971 Proditores
498 922 525 972 et
548 914 695 986 transfugas
718 914 850 970 arboribus
873 933 977 985 suspen·

191 994 274 1059 dunt;
291 994 395 1065 ignavos
407 998 433 1049 et
445 993 557 1048 imbelles
573 998 600 1047 et
616 1010 721 1063 corpore
736 992 842 1046 infames
859 1009 931 1046 coeno
947 1009 976 1046 ac

190 1072 291 1143 palude,
302 1071 395 1142 injecta
406 1071 509 1142 insuper
520 1074 598 1134 crate,
609 1073 736 1141 mergunt.
765 1069 906 1124 Diveraitas
918 1088 976 1140 sup
986 1078 1000 1123 2

191 1149 261 1220 plicii
278 1148 337 1203 illuc
353 1148 462 1218 respicit,
481 1154 602 1217 tanquam
619 1149 715 1202 scelera
734 1146 835 1200 ostendi
852 1153 976 1217 oporteat,

191 1226 253 1281 dum
270 1224 417 1295 puniuntur,
442 1225 539 1297 flagitia
559 1222 686 1279 abscondi.
723 1222 774 1277 Sed
795 1227 822 1277 et
841 1222 977 1279 levioribus

192 1302 291 1357 delictis
303 1320 349 1373 pro
360 1301 434 1356 modo
446 1318 533 1372 poena:
552 1318 673 1372 equorum
690 1318 858 1370 pecorumque
873 1319 977 1355 numero

192 1378 302 1434 convicti
313 1378 461 1433 multantur.
497 1378 560 1433 Pars
576 1378 664 1432 multa
680 1377 734 1448 regi
745 1376 786 1430 vel
801 1376 906 1441 civitati,
920 1396 977 1447 pars

192 1457 242 1527 ipsi
254 1456 298 1527 qni
309 1454 458 1521 vindicatur,
471 1455 512 1511 vel
523 1455 671 1527 propinquis
683 1458 746 1524 ejus,
759 1452 907 1509 exsolvitur.

228 1534 366 1605 Eliguntur
381 1534 408 1588 in
423 1532 511 1588 iisdem
528 1532 638 1588 conciliis
656 1537 682 1587 et
703 1531 836 1601 principes,
856 1531 901 1601 qui
919 1530 999 1602 juras

194 1630 239 1683 per
250 1630 328 1683 pagos
340 1611 458 1682 vicosque
469 1609 587 1665 reddunt.
624 1609 731 1664 Genteni
744 1608 849 1679 singulis
861 1626 894 1664 ex
906 1608 978 1679 plebe

193 1688 306 1753 comites,
325 1688 456 1743 consilium
472 1686 547 1742 simul
563 1690 590 1742 et
606 1686 752 1751 auctoritas,
769 1687 870 1741 adsunt.
906 1685 1023 1740 Nibil13

193 1770 279 1821 autem
302 1782 384 1836 neque
407 1764 514 1836 publica
534 1782 616 1836 neque
636 1763 743 1835 privatae
763 1763 801 1819 rei
819 1762 868 1818 nisi
888 1764 978 1818 armati

193 1847 281 1914 egunt.
317 1839 367 1897 Sed
391 1860 460 1896 arma
482 1860 581 1897 sumere
603 1859 656 1895 uon
678 1846 738 1894 ante
757 1841 872 1912 cuiquam
892 1842 976 1907 moris,

194 1939 269 1992 quarn
292 1920 382 1975 civitas
406 1918 571 1975 suffecturum
593 1918 745 1989 probaverit.
785 1918 850 1973 Tum
873 1918 900 1973 in
922 1919 978 1989 ipso

194 1997 299 2053 concilio
310 1997 352 2052 vel
367 1996 508 2067 principum
526 1996 615 2067 aliquis
632 1995 673 2050 vel
687 2001 760 2064 pater
772 1995 812 2049 vel
824 1996 978 2067 propinquus

194 2079 267 2129 scuto
290 2074 434 2144 frameaque
455 2076 573 2144 juvenem
597 2077 697 2127 omant.
744 2072 809 2126 Haec
832 2072 900 2142 apud
923 2072 1002 2129 illos2

193 2155 263 2221 toga,
276 2150 317 2206 hic
334 2151 428 2221 primus
443 2151 555 2221 juvente
571 2151 651 2204 honos
659 2172 667 2215 ;
686 2153 745 2203 ante
760 2150 808 2202 boc
820 2147 909 2203 domus
921 2167 980 2218 pars

193 2227 321 2293 videntur,
334 2246 392 2282 mox
405 2227 555 2299 reipublice.
591 2226 703 2297 Insignis
714 2224 841 2289 nobilitas,
854 2230 899 2279 ant
911 2243 979 2296 mag-

193 2322 229 2359 na
247 2308 347 2375 patrum
363 2304 462 2369 merita,
475 2304 595 2374 principis
608 2302 779 2374 dignationem
791 2303 868 2359 etiam
885 2301 981 2356 adoles-
1017 2300 1021 2305 ’

193 2380 304 2437 centulis
322 2381 468 2451 assignant:
487 2381 585 2436 caeteris
603 2380 790 2436 robustioribus
810 2398 839 2435 ac
856 2380 908 2451 jam
926 2380 978 2450 pri·

193 2458 250 2512 dem
272 2457 385 2529 probatis
404 2461 584 2530 aggregantur.
619 2458 677 2512 Nec
696 2457 775 2513 rubor
791 2458 859 2512 inter
873 2458 1002 2513 comitest

194 2534 280 2605 aspici.
317 2535 416 2590 Gradus
435 2536 497 2606 quin
514 2534 590 2589 etiam
607 2534 662 2605 ipse
682 2534 818 2591 comitatus
835 2533 921 2597 habet,
938 2538 980 2605 ju-

194 2610 260 2667 dicio
273 2614 327 2681 ejus
337 2630 412 2684 quem
421 2615 551 2667 sectantur
558 2634 565 2677 ;
583 2630 724 2683 magnaque
736 2616 762 2667 et
774 2612 894 2669 comitum
906 2630 980 2667 amn·

168 2732 172 2735 .
195 2689 264 2753 latio,
284 2689 376 2760 quibus
396 2689 490 2760 primus
514 2688 581 2760 apud
603 2690 742 2761 principem
762 2709 836 2745 sunm
855 2689 933 2756 locus,
954 2692 980 2741 et

194 2766 345 2838 principum,
361 2767 404 2822 cui
420 2766 521 2838 plurimi
536 2772 563 2822 et
575 2767 689 2822 acerrimi
700 2768 811 2822 comites.
847 2767 912 2822 Hac
926 2764 1005 2835 dig-s

195 2842 272 2908 nitas,
282 2843 321 2898 he
329 2844 507 2915 virespmagno
520 2862 618 2915 semper
627 2844 763 2899 electorum
771 2848 895 2915 juvenum
907 2841 981 2913 globo

197 2918 364 2987 circumdari3
383 2920 410 2977 in
428 2938 489 2993 pace
510 2920 594 2990 decus,
612 2922 639 2977 in
656 2921 721 2977 bello
738 2922 890 2993 presidium.
926 2919 982 2973 Nec

195 2996 279 3053 solnm
302 2996 330 3053 in
353 3016 400 3053 sua
417 3003 493 3069 gente
512 2999 611 3071 cuique,
634 2998 680 3054 sed
697 3000 764 3071 apud
781 2997 899 3053 finitimas
922 3013 983 3067 quo-
