2575 3592
221 492 242 527 A
261 488 281 527 D
296 488 338 549 ⁶⁹)
394 424 646 477 HISTORIARUM
665 428 715 476 111.
736 430 835 477 11-16.
964 432 1009 477 115

221 537 374 607 Vespasrani
397 555 495 603 nomen,
519 540 645 609 projectas
665 538 763 593 Vitellii
785 538 879 610 effigies
903 540 1009 609 aspexit,
1107 591 1109 595 ,

219 619 322 667 vastum
338 614 418 684 primo
434 615 572 679 silentium,
586 634 644 668 mox
662 620 754 669 cuncta
771 615 846 669 simul
863 622 1007 686 erunrpuut.

220 694 239 717 “
250 688 312 745 Huc
331 689 450 744 cecidisse
469 691 611 745 Germanici
630 692 757 745 exercitus
774 692 886 762 gloriam,
903 697 933 745 ut
955 693 1032 747 sinet

219 770 316 841 praelio,
335 771 390 826 sine
408 772 512 826 vulnere
526 772 623 827 vinctas
641 791 730 827 manus
748 777 774 827 et
790 778 863 843 capta
881 773 1010 828 traderent

219 850 311 902 arma?
330 866 392 918 quas
411 848 478 902 enim
496 866 527 902 ex
545 848 644 902 diverso
662 848 793 919 legiones?
811 867 901 920 nempe
919 850 1008 905 victas.

217 924 256 979 Et
268 924 355 978 abesse
369 924 472 978 unicum
485 924 622 979 Othoniani
638 926 764 980 exercitus
782 925 865 990 robur,
884 926 1009 996 primanos

219 999 519 1071 quartadecimanosque;
545 1020 609 1072 quos
627 1007 713 1056 tamen
732 1002 820 1056 iisdem
843 1002 892 1057 illis
916 1004 1009 1075 campis

219 1076 333 1131 fuderint
346 1077 539 1149 straverintque,
551 1083 581 1132 ut
594 1084 747 1133 armatorum
766 1080 849 1145 millia,
865 1079 934 1134 velut
946 1100 1010 1152 grcx

219 1153 354 1218 venalium,
374 1153 455 1208 exsuli
478 1155 590 1208 Antonio
611 1154 705 1210 donum
725 1154 852 1210 darentur.
889 1157 955 1211 Octo
973 1158 1032 1212 nto

220 1230 314 1284 mirum
337 1229 448 1300 legiones
471 1232 547 1285 unius
571 1231 657 1285 classis
682 1232 849 1286 accessionem
872 1232 933 1289 iore.
977 1234 1009 1289 Id

220 1307 312 1371 Basso,
325 1305 351 1360 id
361 1306 465 1362 (lucinae
477 1308 574 1363 vuum:
593 1313 725 1379 postquam
739 1308 834 1373 domos,
844 1309 941 1373 hortos,
949 1328 1009 1381 opes

220 1382 330 1453 principi
346 1382 502 1449 abstulerint,
515 1385 591 1439 etiam
607 1385 729 1439 militibus
746 1385 884 1456 principem
903 1388 1008 1443 auferre.

222 1460 343 1529 integros
355 1459 555 1531 incruentaeque,
567 1461 692 1517 Flauianis
704 1480 805 1533 quoque
817 1462 930 1533 partibus
940 1464 1009 1531 viles,

223 1535 284 1605 quid
298 1535 408 1591 dicturos
420 1538 608 1607 reposcentibus
621 1545 666 1593 aut
678 1557 798 1610 prospera
810 1544 854 1595 aut
866 1539 971 1594 adversa
979 1542 1008 1595 ?”

222 1618 289 1672 Haee
301 1618 400 1689 singuli,
409 1619 462 1673 haec
474 1620 594 1686 universi,
602 1625 632 1674 ut
645 1639 769 1691 quemque
782 1621 852 1675 dolor
864 1621 1007 1692 impulerat,
1019 1626 1053 1678 14

220 1694 397 1760 vociferantes,
411 1696 483 1750 initio
498 1714 514 1749 a
533 1697 622 1767 quinta
639 1697 738 1769 legione
755 1702 819 1763 orto,
833 1699 950 1769 repositis
963 1699 1009 1753 Vi-

218 1770 285 1825 tellii
301 1771 453 1842 imaginibus
470 1772 553 1827 vincla
572 1774 678 1829 Cucinae
696 1774 825 1845 injiciunt;
843 1774 949 1830 Fabium
962 1775 1010 1829 Fa·

218 1846 323 1914 bullum,
336 1850 431 1918 quintae
449 1848 555 1920 legionis
572 1850 693 1921 legatum,
707 1856 734 1905 et
752 1852 867 1907 Cassium
883 1851 1008 1923 Longum,

218 1924 366 1995 praelectum
392 1931 538 1993 castrorum,
562 1926 639 1982 duces
664 1928 794 1999 deligunt;
822 1929 888 1983 forte
912 1928 1009 1983 oblatos

219 2001 298 2055 trium
310 2001 504 2056 Liburnicarum
521 2004 621 2069 milites,
634 2005 736 2075 ignaros
753 2009 779 2059 et
796 2008 918 2070 insontes,
931 2006 1009 2059 truci·

220 2076 302 2141 dant3
319 2078 415 2133 relictis
432 2080 529 2144 castris,
542 2080 650 2151 abrupto
668 2089 744 2151 ponte
759 2082 895 2137 Hostiliam
912 2094 1031 2147 rursusi

221 2153 281 2207 inde
299 2154 447 2209 Cremonam
465 2161 581 2227 pergunt,
600 2163 630 2211 ut
648 2158 792 2229 legionibus
810 2159 896 2228 primae
914 2158 1010 2212 Italica

221 2233 250 2283 et
267 2230 463 2286 unietvicesimae
481 2233 577 2304 Rapaci
591 2236 769 2305 jungerentur,
784 2253 846 2305 quas
859 2235 960 2289 Caecina
978 2234 1008 2289 ad

220 2306 382 2361 obtinendam
395 2307 543 2363 Cremonam
556 2328 612 2364 cum
625 2320 698 2381 parte
711 2312 822 2381 equiturn
836 2310 997 2383 premiserat.

256 2382 310 2437 Ubi
330 2383 384 2438 huc
404 2391 533 2455 comperta
551 2388 671 2453 Antonio,
695 2387 823 2443 discordes
843 2388 940 2454 animis,
961 2388 1009 2443 dis·
1022 2387 1056 2440 15

218 2463 303 2515 cretos
322 2460 416 2515 viribus
431 2461 542 2516 hostium
562 2465 687 2519 exercitus
708 2464 813 2535 aggredi
828 2464 927 2531 statuit,
939 2471 1010 2521 ante·

218 2552 294 2606 quam
314 2536 421 2591 ducibus
441 2538 585 2607 auotoritas,
606 2542 681 2595 militi
703 2542 853 2611 obsequium
872 2546 897 2596 et
915 2542 1009 2612 junctis

217 2612 360 2682 legionibus
378 2612 470 2668 fiducia
486 2614 587 2670 rediret.
623 2618 741 2689 Namque
756 2618 864 2673 Fabium
876 2618 1032 2675 Valentem

219 2688 362 2759 profectum
383 2689 414 2744 ab
428 2690 491 2745 urbe
511 2692 759 2765 acceleraturumque
782 2696 884 2766 cognita
904 2694 1010 2749 Caecinae

219 2764 361 2835 proditione
382 2767 557 2837 conjectabat;
583 2774 609 2823 et
628 2770 694 2824 lidus
715 2771 821 2827 Vitellio
843 2770 942 2834 Fabius,
964 2788 1011 2825 nec

219 2840 316 2896 militie
333 2842 445 2913 ignarus.
482 2844 562 2899 Simul
586 2846 676 2916 iugens
698 2846 880 2901 Germanorum
904 2846 942 2899 vis
966 2863 1034 2915 pera

217 2918 328 2973 Raetiam
340 2921 495 2988 timebatur,
513 2929 541 2975 et
553 2921 687 2977 Britannia
699 2924 831 2995 Galliaque
848 2929 874 2977 et
885 2920 1012 2992 Hispania
