2575 3592
380 390 429 441 DE
446 391 670 442 oneremus
690 392 789 440 lu-ls
938 391 985 438 295

181 499 982 578 ὡμῶωωιωωοιοιιιιιὶίιωοηᾟωωιιε,

182 599 277 654 usqne,
300 585 333 636 nt
355 585 387 635 tu
409 579 517 646 diocles,
540 583 617 652 Aper,
637 581 666 636 iu
687 581 770 636 loouru
793 577 838 634 teli
858 583 981 649 repertus.

183 660 325 715 Ceterum
341 656 402 712 ielis
417 657 527 722 illudet,
543 663 574 712 ut
585 676 654 714 more
670 663 757 712 nostro
768 655 863 727 loquor,
878 660 1004 710 erremus

183 735 309 791 mulum
317 737 346 788 et
353 739 482 788 oritorum
491 741 518 790 et
526 734 657 790 muniones
667 733 747 804 inops,
758 733 839 805 poetis
847 735 873 788 et
882 731 983 788 retibus

184 811 551 882 mensulem
557 815 683 877 eruerent,
693 812 796 884 neuqui
804 808 983 868 moleodmissu

185 887 368 946 defenderent
403 889 461 944 Neo
475 889 535 944 ullis
546 895 591 944 unt
606 889 686 960 glorie
696 889 776 960 mujur
791 893 835 944 out
851 885 1005 958 augustiorl

185 968 283 1028 honor,
302 964 411 1034 primum
431 965 499 1035 opud
520 965 589 1031 deos,
607 983 714 1037 quorum
731 965 844 1034 prolerre
863 981 983 1036 responso

187 1051 216 1098 et
238 1043 368 1096 interesse
386 1041 468 1112 epulis
488 1043 643 1110 tenebuntur,
663 1041 752 1098 duodo
775 1041 842 1112 opud
864 1040 920 1098 illos
943 1040 982 1096 dis

187 1119 296 1191 genitos
315 1135 448 1188 snerosque
467 1137 551 1190 reges,
571 1119 639 1174 iuter
656 1137 718 1190 quoe
735 1119 860 1174 neminem
877 1117 981 1176 osuoidi·

187 1212 291 1257 eorum,
304 1192 349 1248 sed
364 1194 468 1264 Orpheo
482 1213 512 1250 so
528 1195 622 1250 Linum
637 1214 674 1261 ue,
690 1196 712 1250 si
727 1195 890 1266 introspicere
906 1195 981 1250 ultius

187 1274 267 1331 selis.
276 1269 362 1340 ipsum
373 1270 515 1341 Apollinem
526 1273 676 1340 oeoepimue.
713 1272 760 1328 Vel
771 1271 793 1328 si
805 1272 858 1326 huso
869 1271 1005 1328 sehulusull

187 1347 269 1406 nimis
286 1351 315 1401 et
330 1347 470 1417 eumpusiln
484 1347 609 1417 videntur,
620 1347 683 1404 illud
698 1353 766 1404 uerte
782 1349 843 1404 milii
858 1348 981 1412 oonuedis,

187 1430 272 1497 Aper,
282 1441 336 1478 non
345 1424 466 1478 minorem
477 1424 598 1480 honorem
609 1426 722 1482 Homero
730 1443 805 1500 quem
817 1423 984 1480 Demostheni

189 1501 263 1573 opud
280 1505 404 1572 posteros,
421 1519 468 1557 nee
486 1502 675 1573 angustioribus
692 1503 805 1558 terminis
821 1502 913 1556 lumem
930 1501 983 1556 llu-

188 1578 285 1650 ripidis
296 1588 342 1631 nut
354 1576 484 1648 Sophoclis
495 1597 569 1649 quern
581 1579 667 1649 Lysim
678 1583 722 1634 sut
734 1577 870 1650 Hyperidis
879 1576 980 1634 includi.

189 1657 288 1712 Plures
303 1652 378 1708 hodie
392 1654 510 1725 reperies,
525 1655 569 1725 qui
584 1655 713 1712 Ciceronis
728 1656 832 1727 glorium
848 1671 921 1725 quem
938 1653 981 1724 qui

190 1730 298 1802 Virgilii
314 1728 471 1797 detrectent3
488 1749 538 1786 nee
552 1731 619 1788 ullus
634 1733 716 1788 Asinii
727 1737 772 1788 sul
788 1730 903 1788 Messulae
919 1729 982 1786 liber

189 1814 246 1864 tem
258 1805 367 1862 illustris
375 1812 423 1871 est,
431 1825 507 1878 quum
521 1807 613 1864 liedes
620 1809 707 1866 Ovidii
718 1811 761 1864 sul
770 1805 843 1862 Verii
851 1807 980 1880 Thyestes.

227 1884 293 1938 “Ae
308 1900 342 1938 ne
358 1883 485 1940 foemam
503 1885 604 1955 quidem
620 1892 709 1942 vntum
724 1889 750 1942 et
765 1885 828 1944 illud
847 1885 908 1942 felix
925 1881 1023 1942 eon-13

190 1959 342 2018 tuberuium
358 1977 504 2032 eompnrnre
517 1961 645 2018 timuerim
661 1981 718 2020 oum
728 1962 844 2036 inquiete
863 1967 889 2018 et
907 1963 980 2020 eunio

189 2041 323 2093 oratorum
335 2036 396 2092 ritu.
432 2038 506 2092 Lieet
516 2038 573 2093 illoo
584 2040 720 2096 sertuminn
732 2049 760 2096 et
770 2038 879 2111 pericula
890 2057 937 2094 sue
948 2037 980 2092 ed

190 2111 343 2170 uuneulstus
353 2113 491 2181 evexerint,
503 2113 568 2169 mulo
583 2133 700 2172 securum
712 2121 738 2172 et
755 2115 866 2186 quietum
877 2113 979 2184 Virgilii

191 2207 330 2253 mum,
342 2189 370 2244 in
385 2208 436 2261 quo
451 2194 538 2246 tauron
553 2209 635 2262 neque
650 2192 718 2264 opud
733 2192 817 2248 (lirum
833 2192 979 2262 Augustum

191 2265 279 2338 gretie
294 2266 385 2332 eeruit,
401 2284 484 2337 neque
501 2266 569 2338 opud
585 2269 705 2339 populum
724 2269 864 2324 Rumnrmn
880 2267 978 2324 notitia„

192 2344 285 2400 Testes
305 2344 416 2413 Augusti
432 2343 555 2412 epistom,
574 2346 649 2400 testie
666 2343 851 2416 ipsepopulun,
869 2343 919 2415 qui,
939 2350 1003 2398 eut

193 2418 256 2474 ditis
270 2418 297 2472 in
311 2418 413 2474 theatro
428 2418 532 2491 Virgilii
547 2421 669 2486 versibus,
682 2423 791 2478 umrexit
806 2421 939 2476 universus
954 2426 982 2476 et

194 2497 263 2550 forte
273 2502 423 2564 presentem
434 2501 641 2568 spectantemque
653 2498 788 2570 Virgilium
796 2503 930 2556 veneratus
942 2504 983 2554 eet¹

195 2571 327 2703 ΓΓΓΓ
342 2572 498 2719 iffi
515 2573 579 2705 ΓΓ
593 2574 1004 2724 ΓΓΓΓΓΓΓΓΓΓΓΓΓ

195 2724 237 2780 vel
253 2726 424 2794 perpetuitute
441 2725 514 2781 lenum
531 2728 643 2782 cesserit.
679 2729 746 2782 Nem
767 2729 870 2799 Crispus
887 2728 936 2782 isto
954 2732 982 2782 et

196 2801 342 2869 Meroellus,
356 2802 389 2856 nd
406 2821 513 2873 quorum
528 2803 642 2874 exemplu
659 2823 699 2860 me
715 2823 798 2871 veens,
813 2803 872 2876 quid
886 2801 981 2859 hebent

198 2881 226 2934 in
235 2878 282 2932 hue
297 2895 345 2932 sue
360 2879 463 2934 fortune
478 2880 725 2949 eoncupisoendurul
744 2881 820 2941 Quod
835 2880 932 2946 timent,
949 2899 982 2936 eu

198 2953 267 3028 quud
280 2954 425 3012 timentur?
444 2956 528 3021 Quod,
544 2973 604 3011 eum
619 2957 732 3028 quotidie
747 2956 842 3028 aliquid
851 2961 981 3028 rogentur,
