<?xml version="1.0" encoding="UTF-8"?>
<!DOCTYPE html PUBLIC "-//W3C//DTD XHTML 1.0 Transitional//EN"
    "http://www.w3.org/TR/xhtml1/DTD/xhtml1-transitional.dtd">
<html xmlns="http://www.w3.org/1999/xhtml" xml:lang="en" lang="en">
 <head>
  <title>
</title>
<meta http-equiv="Content-Type" content="text/html;charset=utf-8" />
  <meta name='ocr-system' content='tesseract 3.04.00' />
  <meta name='ocr-capabilities' content='ocr_page ocr_carea ocr_par ocr_line ocrx_word'/>
</head>
<body>
  <div class='ocr_page' id='page_1' title='image "./operaomniaadfid00tacigoog_0251.png"; bbox 0 0 2575 3592; ppageno 0'>
   <div class='ocr_carea' id='block_1_1' title="bbox 349 392 992 453">
    <p class='ocr_par' dir='ltr' id='par_1_1' title="bbox 349 392 992 453">
     <span class='ocr_line' id='line_1_1' title="bbox 349 392 992 453; baseline 0.008 -12"><span class='ocrx_word' id='word_1_1' title='bbox 349 434 354 453; x_wconf 83' lang='grc'>,</span> <span class='ocrx_word' id='word_1_2' title='bbox 431 392 624 442; x_wconf 77' lang='lat' dir='ltr'><strong>crunnum</strong></span> <span class='ocrx_word' id='word_1_3' title='bbox 642 395 744 443; x_wconf 83' lang='lat' dir='ltr'><strong>ae-ao.</strong></span> <span class='ocrx_word' id='word_1_4' title='bbox 944 399 992 446; x_wconf 73' lang='lat' dir='ltr'><strong>aas</strong></span> 
     </span>
    </p>
   </div>
   <div class='ocr_carea' id='block_1_2' title="bbox 196 500 1033 2579">
    <p class='ocr_par' dir='ltr' id='par_1_2' title="bbox 200 500 1020 1034">
     <span class='ocr_line' id='line_1_2' title="bbox 201 500 992 578; baseline 0.005 -18"><span class='ocrx_word' id='word_1_5' title='bbox 201 506 299 560; x_wconf 89' lang='lat' dir='ltr'><strong>inertia</strong></span> <span class='ocrx_word' id='word_1_6' title='bbox 311 500 439 560; x_wconf 80' lang='lat' dir='ltr'>Gallorum</span> <span class='ocrx_word' id='word_1_7' title='bbox 451 501 606 577; x_wconf 78' lang='lat' dir='ltr'><strong>separentur.</strong></span> <span class='ocrx_word' id='word_1_8' title='bbox 635 506 723 576; x_wconf 84' lang='lat' dir='ltr'><strong>Ipsam</strong></span> <span class='ocrx_word' id='word_1_9' title='bbox 736 502 820 561; x_wconf 84' lang='lat' dir='ltr'><strong>Rheni</strong></span> <span class='ocrx_word' id='word_1_10' title='bbox 831 507 910 578; x_wconf 88' lang='lat' dir='ltr'><strong>ripam</strong></span> <span class='ocrx_word' id='word_1_11' title='bbox 924 508 992 564; x_wconf 87' lang='lat' dir='ltr'><strong>haud</strong></span> 
     </span>
     <span class='ocr_line' id='line_1_3' title="bbox 202 582 990 653; baseline 0.004 -16"><span class='ocrx_word' id='word_1_12' title='bbox 202 583 282 637; x_wconf 90' lang='lat' dir='ltr'><strong>dubie</strong></span> <span class='ocrx_word' id='word_1_13' title='bbox 299 583 478 638; x_wconf 82' lang='lat' dir='ltr'><strong>Germanorum</strong></span> <span class='ocrx_word' id='word_1_14' title='bbox 493 582 582 653; x_wconf 93' lang='lat' dir='ltr'><strong>populi</strong></span> <span class='ocrx_word' id='word_1_15' title='bbox 598 583 691 648; x_wconf 91' lang='lat' dir='ltr'><strong>colunt,</strong></span> <span class='ocrx_word' id='word_1_16' title='bbox 708 583 863 653; x_wconf 80' lang='lat' dir='ltr'><strong>Vangiones,</strong></span> <span class='ocrx_word' id='word_1_17' title='bbox 882 585 990 651; x_wconf 75' lang='lat' dir='ltr'><strong>hhiboci,</strong></span> 
     </span>
     <span class='ocr_line' id='line_1_4' title="bbox 201 659 1013 731; baseline 0.001 -16"><span class='ocrx_word' id='word_1_18' title='bbox 201 661 336 715; x_wconf 79' lang='lat' dir='ltr'><strong>Nemetes.</strong></span> <span class='ocrx_word' id='word_1_19' title='bbox 366 661 408 716; x_wconf 88' lang='lat' dir='ltr'><strong>Ne</strong></span> <span class='ocrx_word' id='word_1_20' title='bbox 420 660 483 715; x_wconf 85' lang='lat' dir='ltr'>Ubii</span> <span class='ocrx_word' id='word_1_21' title='bbox 495 659 603 729; x_wconf 89' lang='lat' dir='ltr'><strong>quidem,</strong></span> <span class='ocrx_word' id='word_1_22' title='bbox 616 678 758 731; x_wconf 79' lang='lat' dir='ltr'><strong>quanquam</strong></span> <span class='ocrx_word' id='word_1_23' title='bbox 768 662 884 716; x_wconf 81' lang='lat' dir='ltr'><strong>Romana</strong></span> <span class='ocrx_word' id='word_1_24' title='bbox 895 662 1013 717; x_wconf 66' lang='lat' dir='ltr'><strong>coloniae</strong></span> 
     </span>
     <span class='ocr_line' id='line_1_5' title="bbox 201 737 1020 809; baseline 0.001 -16"><span class='ocrx_word' id='word_1_25' title='bbox 201 757 262 793; x_wconf 88' lang='lat' dir='ltr'><strong>esse</strong></span> <span class='ocrx_word' id='word_1_26' title='bbox 278 739 424 803; x_wconf 75' lang='lat' dir='ltr'><strong>meruerint,</strong></span> <span class='ocrx_word' id='word_1_27' title='bbox 443 754 471 792; x_wconf 88' lang='lat' dir='ltr'><strong>ac</strong></span> <span class='ocrx_word' id='word_1_28' title='bbox 489 738 607 792; x_wconf 89' lang='lat' dir='ltr'><strong>libentius</strong></span> <span class='ocrx_word' id='word_1_29' title='bbox 626 738 831 809; x_wconf 82' lang='lat' dir='ltr'><strong>Agrippinenses,</strong></span> <span class='ocrx_word' id='word_1_30' title='bbox 853 739 990 795; x_wconf 81' lang='lat' dir='ltr'><strong>conditoris</strong></span> <span class='ocrx_word' id='word_1_31' title='bbox 1014 737 1020 748; x_wconf 85' lang='lat'><strong><em>‘</em></strong></span> 
     </span>
     <span class='ocr_line' id='line_1_6' title="bbox 201 814 991 888; baseline 0.003 -18"><span class='ocrx_word' id='word_1_32' title='bbox 201 816 245 871; x_wconf 87' lang='lat' dir='ltr'><strong>sui</strong></span> <span class='ocrx_word' id='word_1_33' title='bbox 266 816 374 881; x_wconf 90' lang='lat' dir='ltr'><strong>nomine,</strong></span> <span class='ocrx_word' id='word_1_34' title='bbox 393 819 524 879; x_wconf 82' lang='lat' dir='ltr'><strong>vocentur,</strong></span> <span class='ocrx_word' id='word_1_35' title='bbox 543 814 638 885; x_wconf 88' lang='lat' dir='ltr'><strong>origiue</strong></span> <span class='ocrx_word' id='word_1_36' title='bbox 660 814 818 880; x_wconf 88' lang='lat' dir='ltr'><strong>erubescunt,</strong></span> <span class='ocrx_word' id='word_1_37' title='bbox 838 818 991 888; x_wconf 79' lang='lat' dir='ltr'><strong>transgressi</strong></span> 
     </span>
     <span class='ocr_line' id='line_1_7' title="bbox 200 892 990 964; baseline 0 -16"><span class='ocrx_word' id='word_1_38' title='bbox 200 893 264 948; x_wconf 91' lang='lat' dir='ltr'><strong>olim</strong></span> <span class='ocrx_word' id='word_1_39' title='bbox 284 898 310 947; x_wconf 90' lang='lat' dir='ltr'><strong>et</strong></span> <span class='ocrx_word' id='word_1_40' title='bbox 335 892 506 963; x_wconf 81' lang='lat' dir='ltr'><strong>experimento</strong></span> <span class='ocrx_word' id='word_1_41' title='bbox 527 892 585 946; x_wconf 87' lang='lat' dir='ltr'><strong>fidei</strong></span> <span class='ocrx_word' id='word_1_42' title='bbox 606 910 682 963; x_wconf 89' lang='lat' dir='ltr'><strong>super</strong></span> <span class='ocrx_word' id='word_1_43' title='bbox 702 892 782 961; x_wconf 90' lang='lat' dir='ltr'><strong>ipsam</strong></span> <span class='ocrx_word' id='word_1_44' title='bbox 802 893 888 947; x_wconf 88' lang='lat' dir='ltr'><strong>Rheni</strong></span> <span class='ocrx_word' id='word_1_45' title='bbox 909 894 990 964; x_wconf 89' lang='lat' dir='ltr'><strong>ripam</strong></span> 
     </span>
     <span class='ocr_line' id='line_1_8' title="bbox 201 968 824 1034; baseline -0.002 -9"><span class='ocrx_word' id='word_1_46' title='bbox 201 970 328 1034; x_wconf 89' lang='lat' dir='ltr'><strong>collocati,</strong></span> <span class='ocrx_word' id='word_1_47' title='bbox 342 975 372 1023; x_wconf 91' lang='lat' dir='ltr'><strong>ut</strong></span> <span class='ocrx_word' id='word_1_48' title='bbox 390 973 510 1034; x_wconf 89' lang='lat' dir='ltr'><strong>arcerent,</strong></span> <span class='ocrx_word' id='word_1_49' title='bbox 524 988 575 1023; x_wconf 91' lang='lat' dir='ltr'><strong>nou</strong></span> <span class='ocrx_word' id='word_1_50' title='bbox 587 974 616 1023; x_wconf 92' lang='lat' dir='ltr'><strong>ut</strong></span> <span class='ocrx_word' id='word_1_51' title='bbox 629 968 824 1024; x_wconf 84' lang='lat' dir='ltr'><strong>custodirentur.</strong></span> 
     </span>
    </p>

    <p class='ocr_par' dir='ltr' id='par_1_3' title="bbox 196 1046 1033 2103">
     <span class='ocr_line' id='line_1_9' title="bbox 238 1046 1033 1117; baseline 0.005 -16"><span class='ocrx_word' id='word_1_52' title='bbox 238 1046 359 1101; x_wconf 89' lang='lat' dir='ltr'><strong>Omnium</strong></span> <span class='ocrx_word' id='word_1_53' title='bbox 370 1046 459 1101; x_wconf 88' lang='lat' dir='ltr'><strong>harum</strong></span> <span class='ocrx_word' id='word_1_54' title='bbox 471 1046 586 1117; x_wconf 81' lang='lat' dir='ltr'><strong>gentium</strong></span> <span class='ocrx_word' id='word_1_55' title='bbox 597 1046 693 1100; x_wconf 85' lang='lat' dir='ltr'><strong>virtute</strong></span> <span class='ocrx_word' id='word_1_56' title='bbox 704 1046 824 1116; x_wconf 84' lang='lat' dir='ltr'><strong>praecipui</strong></span> <span class='ocrx_word' id='word_1_57' title='bbox 836 1046 927 1101; x_wconf 83' lang='lat' dir='ltr'><strong>Batavi</strong></span> <span class='ocrx_word' id='word_1_58' title='bbox 938 1066 989 1102; x_wconf 90' lang='lat' dir='ltr'><strong>uon</strong></span> <span class='ocrx_word' id='word_1_59' title='bbox 997 1051 1033 1105; x_wconf 74' lang='lat'><strong>29</strong></span> 
     </span>
     <span class='ocr_line' id='line_1_10' title="bbox 199 1122 989 1193; baseline 0.001 -15"><span class='ocrx_word' id='word_1_60' title='bbox 199 1123 312 1178; x_wconf 91' lang='lat' dir='ltr'><strong>multum</strong></span> <span class='ocrx_word' id='word_1_61' title='bbox 325 1142 357 1177; x_wconf 84' lang='lat' dir='ltr'><strong>ex</strong></span> <span class='ocrx_word' id='word_1_62' title='bbox 368 1123 430 1193; x_wconf 86' lang='lat' dir='ltr'><strong>ripa,</strong></span> <span class='ocrx_word' id='word_1_63' title='bbox 441 1123 486 1177; x_wconf 90' lang='lat' dir='ltr'><strong>sed</strong></span> <span class='ocrx_word' id='word_1_64' title='bbox 497 1122 602 1177; x_wconf 88' lang='lat' dir='ltr'><strong>insulam</strong></span> <span class='ocrx_word' id='word_1_65' title='bbox 615 1122 700 1177; x_wconf 87' lang='lat' dir='ltr'><strong>Rheni</strong></span> <span class='ocrx_word' id='word_1_66' title='bbox 712 1124 792 1176; x_wconf 88' lang='lat' dir='ltr'><strong>amuis</strong></span> <span class='ocrx_word' id='word_1_67' title='bbox 803 1123 897 1188; x_wconf 91' lang='lat' dir='ltr'><strong>colunt,</strong></span> <span class='ocrx_word' id='word_1_68' title='bbox 910 1124 989 1179; x_wconf 86' lang='lat' dir='ltr'><strong>Chat-</strong></span> 
     </span>
     <span class='ocr_line' id='line_1_11' title="bbox 200 1198 988 1271; baseline 0.004 -16"><span class='ocrx_word' id='word_1_69' title='bbox 200 1204 288 1255; x_wconf 81' lang='lat' dir='ltr'><strong>torum</strong></span> <span class='ocrx_word' id='word_1_70' title='bbox 305 1198 429 1269; x_wconf 88' lang='lat' dir='ltr'><strong>quondam</strong></span> <span class='ocrx_word' id='word_1_71' title='bbox 445 1200 553 1271; x_wconf 89' lang='lat' dir='ltr'><strong>populus</strong></span> <span class='ocrx_word' id='word_1_72' title='bbox 569 1204 595 1254; x_wconf 92' lang='lat' dir='ltr'><strong>et</strong></span> <span class='ocrx_word' id='word_1_73' title='bbox 612 1198 734 1253; x_wconf 87' lang='lat' dir='ltr'><strong>seditione</strong></span> <span class='ocrx_word' id='word_1_74' title='bbox 750 1198 888 1254; x_wconf 88' lang='lat' dir='ltr'><strong>domestica</strong></span> <span class='ocrx_word' id='word_1_75' title='bbox 904 1201 931 1255; x_wconf 92' lang='lat' dir='ltr'><strong>iu</strong></span> <span class='ocrx_word' id='word_1_76' title='bbox 946 1220 988 1259; x_wconf 81' lang='lat' dir='ltr'><strong>eas</strong></span> 
     </span>
     <span class='ocr_line' id='line_1_12' title="bbox 200 1276 989 1349; baseline 0 -17"><span class='ocrx_word' id='word_1_77' title='bbox 200 1277 275 1333; x_wconf 88' lang='lat' dir='ltr'><strong>sedes</strong></span> <span class='ocrx_word' id='word_1_78' title='bbox 292 1280 472 1349; x_wconf 79' lang='lat' dir='ltr'><strong>transgressus,</strong></span> <span class='ocrx_word' id='word_1_79' title='bbox 483 1277 511 1331; x_wconf 92' lang='lat' dir='ltr'><strong>iu</strong></span> <span class='ocrx_word' id='word_1_80' title='bbox 527 1276 617 1348; x_wconf 89' lang='lat' dir='ltr'><strong>quibus</strong></span> <span class='ocrx_word' id='word_1_81' title='bbox 633 1294 692 1347; x_wconf 88' lang='lat' dir='ltr'><strong>pars</strong></span> <span class='ocrx_word' id='word_1_82' title='bbox 709 1276 817 1329; x_wconf 85' lang='lat' dir='ltr'><strong>Romani</strong></span> <span class='ocrx_word' id='word_1_83' title='bbox 832 1277 929 1347; x_wconf 89' lang='lat' dir='ltr'><strong>imperii</strong></span> <span class='ocrx_word' id='word_1_84' title='bbox 945 1279 989 1332; x_wconf 89' lang='lat' dir='ltr'><strong>fie-</strong></span> 
     </span>
     <span class='ocr_line' id='line_1_13' title="bbox 199 1352 1011 1424; baseline 0 -16"><span class='ocrx_word' id='word_1_85' title='bbox 199 1359 267 1409; x_wconf 87' lang='lat' dir='ltr'><strong>rent.</strong></span> <span class='ocrx_word' id='word_1_86' title='bbox 302 1354 392 1407; x_wconf 87' lang='lat' dir='ltr'><strong>Manet</strong></span> <span class='ocrx_word' id='word_1_87' title='bbox 404 1354 483 1408; x_wconf 88' lang='lat' dir='ltr'><strong>honos</strong></span> <span class='ocrx_word' id='word_1_88' title='bbox 496 1359 522 1408; x_wconf 89' lang='lat' dir='ltr'><strong>et</strong></span> <span class='ocrx_word' id='word_1_89' title='bbox 534 1354 643 1424; x_wconf 75' lang='lat' dir='ltr'><strong>autiquae</strong></span> <span class='ocrx_word' id='word_1_90' title='bbox 659 1352 787 1407; x_wconf 85' lang='lat' dir='ltr'><strong>societatis</strong></span> <span class='ocrx_word' id='word_1_91' title='bbox 798 1353 911 1423; x_wconf 85' lang='lat' dir='ltr'><strong>insigne:</strong></span> <span class='ocrx_word' id='word_1_92' title='bbox 930 1363 1011 1409; x_wconf 69' lang='lat' dir='ltr'><strong>namt</strong></span> 
     </span>
     <span class='ocr_line' id='line_1_14' title="bbox 198 1429 989 1500; baseline 0 -15"><span class='ocrx_word' id='word_1_93' title='bbox 198 1448 247 1486; x_wconf 85' lang='lat' dir='ltr'><strong>nec</strong></span> <span class='ocrx_word' id='word_1_94' title='bbox 259 1430 363 1485; x_wconf 84' lang='lat' dir='ltr'><strong>tributis</strong></span> <span class='ocrx_word' id='word_1_95' title='bbox 376 1434 577 1495; x_wconf 91' lang='lat' dir='ltr'><strong>contemnuntur,</strong></span> <span class='ocrx_word' id='word_1_96' title='bbox 587 1448 634 1485; x_wconf 89' lang='lat' dir='ltr'><strong>nec</strong></span> <span class='ocrx_word' id='word_1_97' title='bbox 647 1429 793 1500; x_wconf 85' lang='lat' dir='ltr'><strong>publicanus</strong></span> <span class='ocrx_word' id='word_1_98' title='bbox 806 1431 901 1484; x_wconf 87' lang='lat' dir='ltr'><strong>atterit.</strong></span> <span class='ocrx_word' id='word_1_99' title='bbox 936 1432 989 1485; x_wconf 84' lang='lat' dir='ltr'><strong>Ex·</strong></span> 
     </span>
     <span class='ocr_line' id='line_1_15' title="bbox 199 1507 987 1579; baseline -0.003 -15"><span class='ocrx_word' id='word_1_100' title='bbox 199 1508 281 1579; x_wconf 88' lang='lat' dir='ltr'><strong>empti</strong></span> <span class='ocrx_word' id='word_1_101' title='bbox 302 1508 419 1563; x_wconf 90' lang='lat' dir='ltr'><strong>oneribus</strong></span> <span class='ocrx_word' id='word_1_102' title='bbox 440 1512 466 1563; x_wconf 90' lang='lat' dir='ltr'><strong>et</strong></span> <span class='ocrx_word' id='word_1_103' title='bbox 490 1507 672 1572; x_wconf 78' lang='lat' dir='ltr'><strong>collationibus,</strong></span> <span class='ocrx_word' id='word_1_104' title='bbox 694 1510 720 1561; x_wconf 92' lang='lat' dir='ltr'><strong>et</strong></span> <span class='ocrx_word' id='word_1_105' title='bbox 740 1511 840 1561; x_wconf 88' lang='lat' dir='ltr'><strong>tautum</strong></span> <span class='ocrx_word' id='word_1_106' title='bbox 864 1508 891 1561; x_wconf 92' lang='lat' dir='ltr'><strong>in</strong></span> <span class='ocrx_word' id='word_1_107' title='bbox 913 1527 987 1562; x_wconf 91' lang='lat' dir='ltr'><strong>usum</strong></span> 
     </span>
     <span class='ocr_line' id='line_1_16' title="bbox 198 1584 988 1658; baseline 0 -19"><span class='ocrx_word' id='word_1_108' title='bbox 198 1586 345 1658; x_wconf 76' lang='lat' dir='ltr'><strong>praeliorum</strong></span> <span class='ocrx_word' id='word_1_109' title='bbox 357 1586 469 1656; x_wconf 88' lang='lat' dir='ltr'><strong>sepositi,</strong></span> <span class='ocrx_word' id='word_1_110' title='bbox 482 1585 552 1640; x_wconf 87' lang='lat' dir='ltr'><strong>velut</strong></span> <span class='ocrx_word' id='word_1_111' title='bbox 568 1585 619 1639; x_wconf 91' lang='lat' dir='ltr'><strong>tela</strong></span> <span class='ocrx_word' id='word_1_112' title='bbox 635 1591 711 1655; x_wconf 88' lang='lat' dir='ltr'><strong>atque</strong></span> <span class='ocrx_word' id='word_1_113' title='bbox 728 1602 804 1651; x_wconf 83' lang='lat' dir='ltr'><strong>arma,</strong></span> <span class='ocrx_word' id='word_1_114' title='bbox 819 1584 891 1639; x_wconf 88' lang='lat' dir='ltr'><strong>bellis</strong></span> <span class='ocrx_word' id='word_1_115' title='bbox 906 1604 988 1639; x_wconf 88' lang='lat' dir='ltr'><strong>reser-</strong></span> 
     </span>
     <span class='ocr_line' id='line_1_17' title="bbox 198 1662 1011 1733; baseline -0.004 -16"><span class='ocrx_word' id='word_1_116' title='bbox 198 1667 302 1717; x_wconf 81' lang='lat' dir='ltr'><strong>vantur.</strong></span> <span class='ocrx_word' id='word_1_117' title='bbox 339 1662 387 1717; x_wconf 82' lang='lat' dir='ltr'><strong>Est</strong></span> <span class='ocrx_word' id='word_1_118' title='bbox 402 1662 429 1717; x_wconf 89' lang='lat' dir='ltr'><strong>iu</strong></span> <span class='ocrx_word' id='word_1_119' title='bbox 441 1662 529 1717; x_wconf 88' lang='lat' dir='ltr'><strong>eodem</strong></span> <span class='ocrx_word' id='word_1_120' title='bbox 544 1662 665 1732; x_wconf 89' lang='lat' dir='ltr'><strong>obsequio</strong></span> <span class='ocrx_word' id='word_1_121' title='bbox 680 1665 706 1715; x_wconf 92' lang='lat' dir='ltr'><strong>et</strong></span> <span class='ocrx_word' id='word_1_122' title='bbox 722 1662 902 1715; x_wconf 87' lang='lat' dir='ltr'><strong>Mattiacorum</strong></span> <span class='ocrx_word' id='word_1_123' title='bbox 917 1674 1011 1733; x_wconf 79' lang='lat' dir='ltr'><strong>genna</strong></span> 
     </span>
     <span class='ocr_line' id='line_1_18' title="bbox 197 1738 988 1810; baseline 0 -17"><span class='ocrx_word' id='word_1_124' title='bbox 197 1740 313 1794; x_wconf 88' lang='lat' dir='ltr'><strong>Protulit</strong></span> <span class='ocrx_word' id='word_1_125' title='bbox 325 1740 392 1793; x_wconf 90' lang='lat' dir='ltr'><strong>euim</strong></span> <span class='ocrx_word' id='word_1_126' title='bbox 405 1739 553 1810; x_wconf 79' lang='lat' dir='ltr'><strong>magnitudo</strong></span> <span class='ocrx_word' id='word_1_127' title='bbox 565 1738 652 1809; x_wconf 90' lang='lat' dir='ltr'><strong>populi</strong></span> <span class='ocrx_word' id='word_1_128' title='bbox 666 1739 772 1792; x_wconf 76' lang='lat' dir='ltr'><strong>Romani</strong></span> <span class='ocrx_word' id='word_1_129' title='bbox 788 1738 856 1792; x_wconf 91' lang='lat' dir='ltr'><strong>ultra</strong></span> <span class='ocrx_word' id='word_1_130' title='bbox 869 1739 988 1793; x_wconf 85' lang='lat' dir='ltr'><strong>Rhenum</strong></span> 
     </span>
     <span class='ocr_line' id='line_1_19' title="bbox 196 1815 988 1887; baseline 0 -16"><span class='ocrx_word' id='word_1_131' title='bbox 196 1817 316 1887; x_wconf 89' lang='lat' dir='ltr'><strong>ultraque</strong></span> <span class='ocrx_word' id='word_1_132' title='bbox 325 1821 424 1871; x_wconf 87' lang='lat' dir='ltr'><strong>veteres</strong></span> <span class='ocrx_word' id='word_1_133' title='bbox 433 1817 554 1871; x_wconf 91' lang='lat' dir='ltr'><strong>terminos</strong></span> <span class='ocrx_word' id='word_1_134' title='bbox 563 1816 661 1885; x_wconf 87' lang='lat' dir='ltr'><strong>imperii</strong></span> <span class='ocrx_word' id='word_1_135' title='bbox 669 1816 843 1870; x_wconf 82' lang='lat' dir='ltr'><strong>reverentiam.</strong></span> <span class='ocrx_word' id='word_1_136' title='bbox 879 1816 922 1869; x_wconf 87' lang='lat' dir='ltr'><strong>Ita</strong></span> <span class='ocrx_word' id='word_1_137' title='bbox 930 1815 988 1871; x_wconf 87' lang='lat' dir='ltr'><strong>sede</strong></span> 
     </span>
     <span class='ocr_line' id='line_1_20' title="bbox 197 1893 986 1964; baseline -0.003 -15"><span class='ocrx_word' id='word_1_138' title='bbox 197 1894 342 1964; x_wconf 89' lang='lat' dir='ltr'><strong>finibusque</strong></span> <span class='ocrx_word' id='word_1_139' title='bbox 354 1894 382 1947; x_wconf 92' lang='lat' dir='ltr'><strong>in</strong></span> <span class='ocrx_word' id='word_1_140' title='bbox 394 1912 440 1947; x_wconf 88' lang='lat' dir='ltr'><strong>sua</strong></span> <span class='ocrx_word' id='word_1_141' title='bbox 448 1894 510 1963; x_wconf 91' lang='lat' dir='ltr'><strong>ripa,</strong></span> <span class='ocrx_word' id='word_1_142' title='bbox 524 1898 608 1947; x_wconf 88' lang='lat' dir='ltr'><strong>mente</strong></span> <span class='ocrx_word' id='word_1_143' title='bbox 617 1893 749 1963; x_wconf 90' lang='lat' dir='ltr'><strong>animoque</strong></span> <span class='ocrx_word' id='word_1_144' title='bbox 760 1893 890 1947; x_wconf 90' lang='lat' dir='ltr'><strong>nobiscum</strong></span> <span class='ocrx_word' id='word_1_145' title='bbox 900 1898 986 1964; x_wconf 83' lang='lat' dir='ltr'><strong>agunt,</strong></span> 
     </span>
     <span class='ocr_line' id='line_1_21' title="bbox 198 1970 988 2041; baseline 0 -16"><span class='ocrx_word' id='word_1_146' title='bbox 198 1975 291 2025; x_wconf 86' lang='lat' dir='ltr'><strong>caetera</strong></span> <span class='ocrx_word' id='word_1_147' title='bbox 303 1970 398 2025; x_wconf 89' lang='lat' dir='ltr'><strong>similes</strong></span> <span class='ocrx_word' id='word_1_148' title='bbox 415 1970 526 2036; x_wconf 85' lang='lat' dir='ltr'><strong>Batavis,</strong></span> <span class='ocrx_word' id='word_1_149' title='bbox 540 1971 589 2025; x_wconf 89' lang='lat' dir='ltr'><strong>nisi</strong></span> <span class='ocrx_word' id='word_1_150' title='bbox 606 1970 673 2041; x_wconf 90' lang='lat' dir='ltr'><strong>quod</strong></span> <span class='ocrx_word' id='word_1_151' title='bbox 685 1971 741 2040; x_wconf 89' lang='lat' dir='ltr'><strong>ipso</strong></span> <span class='ocrx_word' id='word_1_152' title='bbox 753 1970 834 2024; x_wconf 82' lang='lat' dir='ltr'><strong>adhuc</strong></span> <span class='ocrx_word' id='word_1_153' title='bbox 845 1975 920 2025; x_wconf 77' lang='lat' dir='ltr'><strong>terra</strong></span> <span class='ocrx_word' id='word_1_154' title='bbox 935 1990 988 2025; x_wconf 76' lang='lat' dir='ltr'><strong>suae</strong></span> 
     </span>
     <span class='ocr_line' id='line_1_22' title="bbox 199 2047 622 2103; baseline 0 -2"><span class='ocrx_word' id='word_1_155' title='bbox 199 2047 254 2101; x_wconf 90' lang='lat' dir='ltr'><strong>solo</strong></span> <span class='ocrx_word' id='word_1_156' title='bbox 267 2050 293 2101; x_wconf 93' lang='lat' dir='ltr'><strong>et</strong></span> <span class='ocrx_word' id='word_1_157' title='bbox 306 2047 365 2101; x_wconf 88' lang='lat' dir='ltr'><strong>caelo</strong></span> <span class='ocrx_word' id='word_1_158' title='bbox 378 2047 460 2102; x_wconf 87' lang='lat' dir='ltr'><strong>acrius</strong></span> <span class='ocrx_word' id='word_1_159' title='bbox 473 2049 622 2103; x_wconf 88' lang='lat' dir='ltr'><strong>animantur.</strong></span> 
     </span>
    </p>

    <p class='ocr_par' dir='ltr' id='par_1_4' title="bbox 200 2122 1012 2579">
     <span class='ocr_line' id='line_1_23' title="bbox 236 2122 1012 2193; baseline 0.003 -16"><span class='ocrx_word' id='word_1_160' title='bbox 236 2122 297 2177; x_wconf 83' lang='lat' dir='ltr'><strong>Non</strong></span> <span class='ocrx_word' id='word_1_161' title='bbox 304 2126 485 2178; x_wconf 87' lang='lat' dir='ltr'><strong>numeraverim</strong></span> <span class='ocrx_word' id='word_1_162' title='bbox 496 2128 563 2179; x_wconf 87' lang='lat' dir='ltr'><strong>inter</strong></span> <span class='ocrx_word' id='word_1_163' title='bbox 573 2124 712 2178; x_wconf 87' lang='lat' dir='ltr'><strong>Germaniae</strong></span> <span class='ocrx_word' id='word_1_164' title='bbox 721 2123 835 2192; x_wconf 89' lang='lat' dir='ltr'><strong>populos,</strong></span> <span class='ocrx_word' id='word_1_165' title='bbox 846 2132 1012 2193; x_wconf 71' lang='lat' dir='ltr'><strong>quanquam</strong></span> 
     </span>
     <span class='ocr_line' id='line_1_24' title="bbox 200 2200 988 2271; baseline -0.001 -16"><span class='ocrx_word' id='word_1_166' title='bbox 200 2204 273 2255; x_wconf 87' lang='lat' dir='ltr'><strong>trans</strong></span> <span class='ocrx_word' id='word_1_167' title='bbox 285 2200 403 2255; x_wconf 87' lang='lat' dir='ltr'><strong>Rhenum</strong></span> <span class='ocrx_word' id='word_1_168' title='bbox 416 2201 610 2271; x_wconf 87' lang='lat' dir='ltr'><strong>Danubiumque</strong></span> <span class='ocrx_word' id='word_1_169' title='bbox 622 2200 788 2266; x_wconf 83' lang='lat' dir='ltr'><strong>consederint,</strong></span> <span class='ocrx_word' id='word_1_170' title='bbox 796 2218 839 2253; x_wconf 88' lang='lat' dir='ltr'><strong>eos</strong></span> <span class='ocrx_word' id='word_1_171' title='bbox 851 2200 894 2269; x_wconf 92' lang='lat' dir='ltr'><strong>qui</strong></span> <span class='ocrx_word' id='word_1_172' title='bbox 907 2200 988 2254; x_wconf 88' lang='lat' dir='ltr'><strong>Decu-</strong></span> 
     </span>
     <span class='ocr_line' id='line_1_25' title="bbox 200 2276 988 2348; baseline 0 -17"><span class='ocrx_word' id='word_1_173' title='bbox 200 2280 282 2331; x_wconf 89' lang='lat' dir='ltr'><strong>mates</strong></span> <span class='ocrx_word' id='word_1_174' title='bbox 301 2295 374 2348; x_wconf 84' lang='lat' dir='ltr'><strong>agros</strong></span> <span class='ocrx_word' id='word_1_175' title='bbox 395 2282 521 2333; x_wconf 84' lang='lat' dir='ltr'><strong>exercent.</strong></span> <span class='ocrx_word' id='word_1_176' title='bbox 557 2277 713 2331; x_wconf 85' lang='lat' dir='ltr'><strong>Levissimus</strong></span> <span class='ocrx_word' id='word_1_177' title='bbox 734 2276 840 2346; x_wconf 90' lang='lat' dir='ltr'><strong>quisque</strong></span> <span class='ocrx_word' id='word_1_178' title='bbox 858 2276 988 2331; x_wconf 85' lang='lat' dir='ltr'><strong>Gallorum</strong></span> 
     </span>
     <span class='ocr_line' id='line_1_26' title="bbox 201 2353 987 2425; baseline 0.003 -18"><span class='ocrx_word' id='word_1_179' title='bbox 201 2359 228 2408; x_wconf 90' lang='lat' dir='ltr'><strong>et</strong></span> <span class='ocrx_word' id='word_1_180' title='bbox 244 2354 329 2423; x_wconf 90' lang='lat' dir='ltr'><strong>inopia</strong></span> <span class='ocrx_word' id='word_1_181' title='bbox 347 2354 428 2408; x_wconf 81' lang='lat' dir='ltr'><strong>audax</strong></span> <span class='ocrx_word' id='word_1_182' title='bbox 446 2354 528 2409; x_wconf 83' lang='lat' dir='ltr'><strong>dubiae</strong></span> <span class='ocrx_word' id='word_1_183' title='bbox 545 2353 710 2425; x_wconf 86' lang='lat' dir='ltr'><strong>possessionis</strong></span> <span class='ocrx_word' id='word_1_184' title='bbox 727 2353 809 2406; x_wconf 90' lang='lat' dir='ltr'><strong>solum</strong></span> <span class='ocrx_word' id='word_1_185' title='bbox 826 2370 987 2424; x_wconf 83' lang='lat' dir='ltr'><strong>occupavere.</strong></span> 
     </span>
     <span class='ocr_line' id='line_1_27' title="bbox 200 2429 988 2503; baseline 0.004 -18"><span class='ocrx_word' id='word_1_186' title='bbox 200 2431 266 2485; x_wconf 82' lang='lat' dir='ltr'><strong>Mox</strong></span> <span class='ocrx_word' id='word_1_187' title='bbox 278 2430 357 2485; x_wconf 90' lang='lat' dir='ltr'><strong>limite</strong></span> <span class='ocrx_word' id='word_1_188' title='bbox 370 2437 433 2499; x_wconf 88' lang='lat' dir='ltr'><strong>acto,</strong></span> <span class='ocrx_word' id='word_1_189' title='bbox 446 2431 618 2501; x_wconf 87' lang='lat' dir='ltr'><strong>promotisque</strong></span> <span class='ocrx_word' id='word_1_190' title='bbox 630 2429 760 2499; x_wconf 71' lang='lat' dir='ltr'><strong>presidiis,</strong></span> <span class='ocrx_word' id='word_1_191' title='bbox 773 2430 844 2485; x_wconf 92' lang='lat' dir='ltr'><strong>sinus</strong></span> <span class='ocrx_word' id='word_1_192' title='bbox 852 2431 949 2503; x_wconf 89' lang='lat' dir='ltr'><strong>imperii</strong></span> <span class='ocrx_word' id='word_1_193' title='bbox 961 2437 988 2488; x_wconf 89' lang='lat' dir='ltr'><strong>et</strong></span> 
     </span>
     <span class='ocr_line' id='line_1_28' title="bbox 202 2508 547 2579; baseline 0.006 -19"><span class='ocrx_word' id='word_1_194' title='bbox 202 2526 259 2579; x_wconf 91' lang='lat' dir='ltr'><strong>pars</strong></span> <span class='ocrx_word' id='word_1_195' title='bbox 271 2508 404 2578; x_wconf 76' lang='lat' dir='ltr'><strong>provinciae</strong></span> <span class='ocrx_word' id='word_1_196' title='bbox 416 2510 547 2564; x_wconf 85' lang='lat' dir='ltr'><strong>habentur.</strong></span> 
     </span>
    </p>
   </div>
   <div class='ocr_carea' id='block_1_3' title="bbox 204 2584 1033 3046">
    <p class='ocr_par' dir='ltr' id='par_1_5' title="bbox 204 2584 1033 3046">
     <span class='ocr_line' id='line_1_29' title="bbox 237 2584 1033 2657; baseline 0.005 -18"><span class='ocrx_word' id='word_1_197' title='bbox 237 2584 313 2639; x_wconf 84' lang='lat' dir='ltr'><strong>Ultra</strong></span> <span class='ocrx_word' id='word_1_198' title='bbox 324 2586 370 2639; x_wconf 89' lang='lat' dir='ltr'><strong>hos</strong></span> <span class='ocrx_word' id='word_1_199' title='bbox 384 2586 471 2641; x_wconf 83' lang='lat' dir='ltr'><strong>Chatti</strong></span> <span class='ocrx_word' id='word_1_200' title='bbox 487 2587 586 2641; x_wconf 90' lang='lat' dir='ltr'><strong>initium</strong></span> <span class='ocrx_word' id='word_1_201' title='bbox 604 2586 670 2641; x_wconf 87' lang='lat' dir='ltr'><strong>sedis</strong></span> <span class='ocrx_word' id='word_1_202' title='bbox 683 2586 714 2640; x_wconf 93' lang='lat' dir='ltr'><strong>ab</strong></span> <span class='ocrx_word' id='word_1_203' title='bbox 727 2586 857 2657; x_wconf 80' lang='lat' dir='ltr'><strong>Hercynio</strong></span> <span class='ocrx_word' id='word_1_204' title='bbox 872 2588 939 2642; x_wconf 87' lang='lat' dir='ltr'><strong>saltu</strong></span> <span class='ocrx_word' id='word_1_205' title='bbox 950 2589 988 2643; x_wconf 92' lang='lat' dir='ltr'><strong>in-</strong></span> <span class='ocrx_word' id='word_1_206' title='bbox 996 2590 1033 2643; x_wconf 89' lang='grc'><strong>30</strong></span> 
     </span>
     <span class='ocr_line' id='line_1_30' title="bbox 204 2660 992 2733; baseline 0.009 -20"><span class='ocrx_word' id='word_1_207' title='bbox 204 2660 302 2725; x_wconf 91' lang='lat' dir='ltr'><strong>choaut,</strong></span> <span class='ocrx_word' id='word_1_208' title='bbox 320 2663 425 2717; x_wconf 89' lang='lat' dir='ltr'><strong>nonita</strong></span> <span class='ocrx_word' id='word_1_209' title='bbox 443 2664 528 2718; x_wconf 86' lang='lat' dir='ltr'><strong>effusis</strong></span> <span class='ocrx_word' id='word_1_210' title='bbox 547 2682 576 2718; x_wconf 90' lang='lat' dir='ltr'><strong>ac</strong></span> <span class='ocrx_word' id='word_1_211' title='bbox 594 2664 747 2733; x_wconf 88' lang='lat' dir='ltr'><strong>palustribus</strong></span> <span class='ocrx_word' id='word_1_212' title='bbox 766 2664 827 2720; x_wconf 89' lang='lat' dir='ltr'><strong>locis</strong></span> <span class='ocrx_word' id='word_1_213' title='bbox 844 2671 874 2720; x_wconf 92' lang='lat' dir='ltr'><strong>ut</strong></span> <span class='ocrx_word' id='word_1_214' title='bbox 892 2671 992 2720; x_wconf 82' lang='lat' dir='ltr'><strong>caeterae&#39;</strong></span> 
     </span>
     <span class='ocr_line' id='line_1_31' title="bbox 204 2738 987 2815; baseline 0.008 -24"><span class='ocrx_word' id='word_1_215' title='bbox 204 2738 318 2793; x_wconf 82' lang='lat' dir='ltr'><strong>civitates</strong></span> <span class='ocrx_word' id='word_1_216' title='bbox 336 2741 362 2794; x_wconf 92' lang='lat' dir='ltr'><strong>iu</strong></span> <span class='ocrx_word' id='word_1_217' title='bbox 381 2760 442 2811; x_wconf 91' lang='lat' dir='ltr'><strong>quas</strong></span> <span class='ocrx_word' id='word_1_218' title='bbox 461 2743 594 2797; x_wconf 88' lang='lat' dir='ltr'><strong>Germania</strong></span> <span class='ocrx_word' id='word_1_219' title='bbox 612 2743 734 2813; x_wconf 83' lang='lat' dir='ltr'><strong>patescit3</strong></span> <span class='ocrx_word' id='word_1_220' title='bbox 753 2743 844 2799; x_wconf 87' lang='lat' dir='ltr'><strong>durant</strong></span> <span class='ocrx_word' id='word_1_221' title='bbox 866 2744 987 2815; x_wconf 91' lang='lat' dir='ltr'><strong>siquidem</strong></span> 
     </span>
     <span class='ocr_line' id='line_1_32' title="bbox 204 2814 989 2887; baseline 0.008 -18"><span class='ocrx_word' id='word_1_222' title='bbox 204 2814 287 2883; x_wconf 82' lang='lat' dir='ltr'><strong>colles,</strong></span> <span class='ocrx_word' id='word_1_223' title='bbox 299 2818 420 2886; x_wconf 82' lang='lat' dir='ltr'><strong>paulatim</strong></span> <span class='ocrx_word' id='word_1_224' title='bbox 438 2825 577 2887; x_wconf 85' lang='lat' dir='ltr'><strong>rarescunt,</strong></span> <span class='ocrx_word' id='word_1_225' title='bbox 590 2824 616 2874; x_wconf 92' lang='lat' dir='ltr'><strong>et</strong></span> <span class='ocrx_word' id='word_1_226' title='bbox 629 2820 736 2875; x_wconf 87' lang='lat' dir='ltr'><strong>Chattos</strong></span> <span class='ocrx_word' id='word_1_227' title='bbox 753 2840 813 2876; x_wconf 90' lang='lat' dir='ltr'><strong>suos</strong></span> <span class='ocrx_word' id='word_1_228' title='bbox 825 2822 905 2875; x_wconf 88' lang='lat' dir='ltr'><strong>saltus</strong></span> <span class='ocrx_word' id='word_1_229' title='bbox 921 2821 989 2875; x_wconf 90' lang='lat' dir='ltr'><strong>Her·</strong></span> 
     </span>
     <span class='ocr_line' id='line_1_33' title="bbox 204 2894 990 2969; baseline 0.006 -23"><span class='ocrx_word' id='word_1_230' title='bbox 204 2894 290 2964; x_wconf 80' lang='lat' dir='ltr'><strong>cyuius</strong></span> <span class='ocrx_word' id='word_1_231' title='bbox 302 2896 462 2966; x_wconf 88' lang='lat' dir='ltr'><strong>prosequitur</strong></span> <span class='ocrx_word' id='word_1_232' title='bbox 478 2898 551 2951; x_wconf 91' lang='lat' dir='ltr'><strong>simul</strong></span> <span class='ocrx_word' id='word_1_233' title='bbox 564 2901 639 2969; x_wconf 91' lang='lat' dir='ltr'><strong>atque</strong></span> <span class='ocrx_word' id='word_1_234' title='bbox 652 2896 762 2968; x_wconf 91' lang='lat' dir='ltr'><strong>deponit.</strong></span> <span class='ocrx_word' id='word_1_235' title='bbox 797 2898 908 2952; x_wconf 87' lang='lat' dir='ltr'><strong>Duriora</strong></span> <span class='ocrx_word' id='word_1_236' title='bbox 919 2898 990 2967; x_wconf 89' lang='lat' dir='ltr'><strong>genti</strong></span> 
     </span>
     <span class='ocr_line' id='line_1_34' title="bbox 204 2972 989 3046; baseline 0.006 -20"><span class='ocrx_word' id='word_1_237' title='bbox 204 2986 316 3041; x_wconf 84' lang='lat' dir='ltr'><strong>corpora,</strong></span> <span class='ocrx_word' id='word_1_238' title='bbox 326 2972 495 3041; x_wconf 69' lang='lat' dir='ltr'><strong>strictimne,</strong></span> <span class='ocrx_word' id='word_1_239' title='bbox 505 2975 588 3029; x_wconf 86' lang='lat' dir='ltr'><strong>minax</strong></span> <span class='ocrx_word' id='word_1_240' title='bbox 595 2973 689 3039; x_wconf 83' lang='lat' dir='ltr'><strong>vultus,</strong></span> <span class='ocrx_word' id='word_1_241' title='bbox 699 2979 726 3030; x_wconf 89' lang='lat' dir='ltr'><strong>et</strong></span> <span class='ocrx_word' id='word_1_242' title='bbox 734 2975 813 3046; x_wconf 87' lang='lat' dir='ltr'><strong>major</strong></span> <span class='ocrx_word' id='word_1_243' title='bbox 822 2974 898 3029; x_wconf 89' lang='lat' dir='ltr'><strong>animi</strong></span> <span class='ocrx_word' id='word_1_244' title='bbox 908 2974 989 3045; x_wconf 84' lang='lat' dir='ltr'><strong>rigor.</strong></span> 
     </span>
    </p>
   </div>
   <div class='ocr_carea' id='block_1_4' title="bbox 0 0 1296 3592">
    <p class='ocr_par' dir='ltr' id='par_1_6' title="bbox 0 0 1296 3592">
     <span class='ocr_line' id='line_1_35' title="bbox 0 0 1296 3592; baseline 0 0"><span class='ocrx_word' id='word_1_245' title='bbox 0 0 1296 3592; x_wconf 95' lang='lat' dir='ltr'><strong> </strong></span> 
     </span>
    </p>
   </div>
  </div>
 </body>
</html>
