2575 3592
295 418 343 464 220
630 416 752 464 TACITI

925 478 959 530 [n.
971 478 1083 518 neem
1142 515 1143 518 ,

263 564 265 569 -
294 526 321 581 in
330 526 420 582 melius
431 528 550 594 mutaret,
560 526 713 600 Parthorum
725 527 792 584 bello
800 527 942 599 prohibitus
953 534 1008 582 est:
1026 546 1086 582 nem

270 610 324 659 3ee
337 609 487 676 tempestate
503 608 610 660 Arsaces
627 606 776 661 desciverat.
812 606 878 660 'lum
894 605 984 671 Judaei,
999 605 1089 660 Maee-
1142 643 1144 670 :

294 680 402 737 donibus
418 682 542 747 invalidis,
555 684 658 738 Parthis
674 681 787 737 nondum
804 682 904 757 adultis,
924 685 962 752 (et
977 682 1088 737 Romani

294 760 382 829 procul
394 760 486 828 erent)
500 760 549 815 sibi
560 760 609 831 ipsi
620 779 694 832 reges
705 761 865 831 imposuere;
884 760 935 831 qui,
946 759 1093 814 mobilitate

294 836 363 909 vulgi
385 836 491 907 expulsi,
513 843 644 907 resumpta
663 856 708 908 per
727 856 797 891 orme
815 836 992 909 dominatione,
1013 836 1093 907 iuges
1142 905 1144 918 ‚

294 912 395 979 civium,
413 912 514 967 urbium
532 915 682 981 eversiones,
702 914 818 979 fratrum,
836 918 980 985 conjugum,
998 932 1095 984 paren-
1142 927 1144 1006 p

294 992 351 1043 tum
371 1008 445 1045 neees
467 990 564 1062 elinque
586 991 663 1060 solitu
682 990 786 1065 regibus
807 992 864 1045 nusi
882 991 1095 1067 superstitionem
1142 1011 1144 1042 ὲ

294 1065 421 1132 fovebunt,
440 1067 499 1139 quie
515 1068 596 1123 honor
614 1068 750 1124 seoerdotii
765 1069 951 1122 firmamentum
969 1068 1097 1138 potentin

268 1144 477 1199 9esrumebetur.
513 1145 687 1215 Romenorum
704 1145 801 1217 primus
822 1145 869 1200 Gn
887 1144 1028 1215 Pompeius
1048 1146 1098 1199 Ju-

296 1220 362 1275 deeos
379 1220 483 1288 domuit,
502 1222 676 1294 templumque
688 1226 748 1293 jure
764 1222 878 1278 victorie
893 1222 1028 1292 ingressus
1047 1230 1095 1276 est
1142 1241 1144 1285 ι

295 1297 353 1353 inde
369 1299 508 1371 vulgatum,
521 1300 591 1355 nulla
605 1300 677 1355 intus
693 1300 769 1355 dedm
784 1300 867 1371 effigie
883 1317 989 1355 vaouem
1006 1299 1096 1353 sedern

295 1378 322 1431 et
340 1375 425 1433 inenie
443 1395 540 1432 aroana.
578 1377 651 1431 Muri
666 1378 901 1449 Hierosolymorum
917 1376 1005 1449 diruti,
1022 1376 1095 1430 delu-

271 1451 369 1507 2brum
385 1454 485 1508 mensit.
521 1454 586 1509 Mox
602 1454 671 1509 oivili
685 1454 811 1510 internos
825 1454 899 1519 bello,
913 1457 1054 1524 postquem
1069 1454 1096 1507 in

295 1528 417 1585 ditionem
426 1530 464 1585 M.
475 1531 581 1585 Antonii
588 1532 724 1601 provincie
735 1535 870 1595 cesserant,
881 1549 926 1585 rex
936 1530 1095 1585 Parthorum

295 1606 408 1662 Pacorus
420 1608 437 1661 J
438 1607 510 1663 udaee
524 1608 629 1678 potitus,
642 1609 843 1680 interfectusque
855 1626 872 1661 e
882 1608 912 1663 P.
924 1606 1055 1673 Ventidio,
1069 1613 1096 1661 et

295 1683 386 1739 Parthi
397 1688 468 1741 trans
480 1684 631 1755 Euphraten
642 1685 754 1741 reducti:
772 1686 790 1740 J
792 1684 877 1740 udaeos
889 1686 916 1738 O.
930 1684 1024 1739 Sosius
1035 1684 1095 1739 suh
1142 1693 1143 1696 ’

271 1760 356 1831 tegit.
392 1761 512 1831 Regnum
531 1761 562 1816 eb
581 1762 694 1817 Antonio
713 1762 812 1818 Herodi
830 1760 918 1815 datum
935 1760 1023 1815 vietor
1041 1764 1095 1815 Au-

295 1842 387 1907 gustus
406 1838 486 1893 auxit.
523 1838 587 1893 Post
603 1849 713 1894 mortem
728 1839 848 1903 Herodis,
865 1838 928 1892 nihil
943 1842 1096 1909 exspectato

296 1914 403 1980 Cessare,
422 1915 491 1985 Simo
509 1916 613 1986 quddam
633 1917 731 1988 regium
748 1935 842 1971 nomen
858 1915 995 1969 invaserat.
1034 1914 1063 1969 Is
1081 1934 1098 1967 a

296 1991 422 2051 (leuntilio
440 1992 518 2062 Vero,
534 1992 666 2065 obtinente
684 1994 790 2065 Syrium,
807 1992 927 2064 punitus;
946 1997 974 2046 et
989 1997 1097 2063 gentem
1142 2011 1143 2014 ¹

271 2068 431 2124 leobreitam
447 2068 520 2124 liberi
539 2070 652 2126 Herodis
668 2071 798 2141 tripertito
815 2088 911 2125 rexere.
949 2068 1004 2125 Sub
1022 2069 1098 2123 'libe

295 2148 333 2202 rio
351 2148 430 2219 quies.
467 2147 534 2202 Dein
555 2148 622 2219 jussi
645 2167 662 2202 e
684 2148 714 2203 (l
734 2148 835 2223 (laesere
858 2146 967 2217 effigiem
987 2146 1046 2216 ejus
1070 2147 1097 2201 iu

295 2224 391 2294 templo
414 2225 506 2291 looere,
533 2243 603 2279 erma
625 2226 711 2297 potius
732 2242 877 2295 sumpsere3
896 2241 972 2294 quem
995 2229 1096 2277 motum

272 2302 403 2357 ocaesaris
415 2320 483 2358 mors
496 2302 606 2357 diremit.
644 2303 775 2368 Claudius,
788 2300 915 2365 defunctis
932 2300 1038 2372 regibus
1051 2305 1098 2355 aut

296 2378 328 2433 ed
351 2379 478 2434 modicum
501 2378 621 2445 redactis,
646 2380 763 2435 Judmam
786 2380 941 2450 provinciam
964 2378 1097 2449 equitibus

296 2454 419 2525 Romanis
433 2461 477 2510 eut
490 2456 589 2526 libertis
602 2457 734 2527 permisit;
754 2455 872 2528 equibus
881 2442 1098 2509 Antouirm'Felix
1142 2453 1144 2519 l

296 2540 455 2601 peromnem
470 2534 593 2587 saevitiem
610 2552 639 2589 ao
651 2533 779 2589 libidinem
789 2535 832 2605 jus
843 2533 942 2603 regium
954 2532 1041 2603 servili
1057 2534 1098 2587 in·
1142 2591 1143 2608 χ

296 2607 371 2677 genio
383 2608 505 2675 exercuit,
518 2610 633 2665 Drusilla
651 2611 792 2681 Cleopatroe
808 2615 835 2665 et
851 2610 958 2664 Antonii
973 2614 1054 2680 nepte
1070 2610 1099 2665 iu
1142 2615 1144 2632 '

296 2682 484 2737 matrimonium
505 2692 617 2755 ueeepte,
636 2695 667 2751 ut
685 2687 799 2756 ejusdem
821 2687 928 2741 Antonii
944 2686 1020 2741 Felix
1038 2705 1098 2757 pro

253 2764 288 2819 10
296 2778 381 2830 gener,
395 2756 517 2812 Claudius
530 2780 608 2831 nepos
627 2768 702 2818 esset.
738 2765 849 2818 Duravit
866 2768 953 2817 tumen
969 2763 1098 2834 patientia

297 2836 313 2887 J
315 2834 393 2901 udeeis
405 2852 486 2903 usque
498 2834 529 2888 ed
540 2836 655 2893 Gessium
668 2840 770 2894 Florum
780 2846 983 2911 procuratorem:
1003 2840 1054 2894 sub
1067 2858 1097 2893 eo

297 2910 392 2963 bellum
418 2914 511 2963 ortum.
547 2912 582 2966 Et
609 2916 774 2985 comprimere
800 2923 953 2987 eoeptuntem
980 2918 1096 2970 Cestium

306 2984 407 3050 lullum,
422 2985 501 3056 Syrie
518 2985 637 3057 legatum,
650 2992 719 3045 veria
736 2992 822 3063 prebe
836 2993 971 3065 aesopius
987 2992 1098 3053 adverse
