2575 3592
208 482 266 525 w
284 482 309 525 ω
399 419 649 474 ursroumuuu
667 417 687 467 r.
706 419 807 466 ro-so.
966 417 997 480 rr

208 482 445 597 Claudiiliureium
463 536 490 586 et
508 531 629 586 Claudius
648 533 749 602 postera
765 528 806 584 die
823 527 869 584 soli
881 529 997 584 omnium

207 609 289 666 Vinio
310 609 431 665 fictilibus
458 609 596 667 ministrari
621 609 707 680 jussit.
745 607 792 662 Sed
827 607 918 662 Vinius
942 613 1020 677 pro-d

208 686 345 742 oonsulabu
353 686 458 742 Gelliam
471 687 662 741 Narbonensem
672 703 757 740 serere
766 686 914 755 integroque
923 684 996 738 rexit.

208 761 276 816 Mox
289 763 374 818 Galba
386 764 498 818 amicitia
509 764 534 818 in
548 763 684 833 abruptum
703 768 809 826 tractus,
829 761 918 828 audax,
930 760 1021 817 calli-7

208 838 268 903 dus,
294 845 426 911 promptus
449 845 484 905 et,
504 846 580 911 prout
597 840 707 894 mimum
726 838 884 902 intendisset,
905 856 997 908 pravus

208 920 255 970 aut
280 916 428 982 industrius,
454 916 539 972 eadem
564 918 598 972 vi.
647 915 838 972 Testamentum
857 914 909 970 Titi
926 914 1019 968 Vinii8

208 993 385 1064 magnitudine
402 1013 478 1065 opum
497 994 616 1058 irritum3
634 994 734 1050 Pisonis
752 1011 893 1063 supremam
911 991 996 1046 uolun-

207 1073 290 1124 tatem
302 1076 438 1141 paupertas
450 1071 565 1126 firmavit.
603 1071 689 1125 Galbae
701 1089 791 1140 eorpus
800 1069 843 1124 diu
852 1069 995 1140 neglectum
1004 1067 1041 1122 49

208 1151 236 1203 et
252 1147 355 1220 bogutia
369 1147 530 1203 tenebrarum
546 1147 660 1218 plurimis
678 1146 794 1202 ludibriis
811 1151 930 1202 vexatum
947 1145 997 1200 dis-

208 1229 332 1294 pensator
349 1213 485 1295 Argqu'e
502 1225 628 1296 prioribus
647 1224 734 1289 servis,
758 1223 847 1278 humili
868 1195 997 1294 sepuibura

208 1300 238 1358 in
250 1301 357 1372 privatis
369 1302 425 1373 ejus
437 1302 517 1358 bortis
525 1301 647 1359 contexit.
667 1301 751 1371 Caput
763 1320 808 1371 per
816 1301 879 1356 lixas
889 1300 1019 1356 calones-²

209 1395 260 1448 que
271 1379 388 1435 suffixum
403 1379 599 1450 lsoeretumque,
613 1383 674 1434 ante
689 1377 802 1435 Patrobii
819 1378 945 1434 tumulum
958 1377 997 1447 (li-

208 1454 298 1511 bertus
321 1456 343 1512 is
367 1456 478 1515 Neronis
502 1457 610 1528 punitus
633 1475 649 1512 a
676 1455 756 1512 Gabba
773 1455 876 1523 fuerat)
896 1459 997 1526 postera

209 1531 311 1590 demum
325 1533 365 1589 die
375 1539 505 1605 repertum
515 1539 544 1597 et
557 1538 668 1595 oremuto
678 1533 731 1604 J'am
745 1532 845 1603 corpori
857 1531 997 1590 admixtum

208 1613 257 1666 est.
293 1610 372 1668 Hune
394 1612 493 1668 exitum
512 1612 602 1671 hebuit
627 1611 730 1665 Servius
752 1609 838 1675 Galba,
863 1609 946 1665 tribus
969 1613 1019 1668 ets

209 1688 372 1758 septuaginta
387 1690 460 1744 annis
478 1690 590 1760 qunque
607 1687 734 1760 principes
754 1705 875 1758 prospera
894 1686 998 1742 fortuna

209 1782 334 1830 emensus,
352 1768 379 1820 et
394 1765 478 1823 alieno
497 1766 604 1836 imperio
619 1764 717 1826 felicior
730 1783 806 1835 ¹quam
823 1782 877 1820 suo,
913 1764 1019 1824 Vetusd

208 1841 236 1896 in
245 1841 338 1898 familia
346 1842 471 1908 nobilitas,
482 1862 580 1914 maguae
586 1861 647 1913 opes
657 1865 662 1896 ε
679 1841 729 1912 ipsi
741 1840 849 1898 medium
859 1841 995 1912 ingenium,

208 1920 290 1990 magis
311 1924 384 1978 extra
402 1922 465 1981 vitia
485 1940 561 1992 quam
581 1940 640 1976 oum
660 1920 806 1980 uirtutibus.
843 1919 926 1977 Famae
949 1924 1018 1974 neot

208 1996 352 2054 incuriosus
367 2017 416 2054 neo
431 1998 582 2057 venditator.
616 1998 735 2055 Peeuniae
751 1997 838 2056 aliene
855 2015 906 2052 nou
922 2015 997 2067 appe-

209 2077 274 2139 tens,
285 2093 337 2129 suae
345 2093 444 2146 pareus,
453 2076 559 2146 publicae
568 2095 666 2139 avarus.
684 2075 829 2136 Amioorum
839 2074 1019 2130 libertorum-6

209 2169 265 2220 que,
278 2150 323 2206 ubi
333 2151 361 2208 in
372 2151 452 2208 bonos
468 2153 607 2218 incidisset
621 2153 676 2209 siue
687 2151 879 2222 reprohensione
891 2152 997 2222 patiens,

209 2229 232 2282 si
243 2228 402 2295 maliforent,
418 2248 500 2301 usque
517 2230 549 2284 sd
565 2231 665 2301 eulpam
679 2230 793 2300 ignarus.
826 2228 880 2290 sed
896 2228 1019 2295 eluitur

137 2333 141 2338 ·
208 2304 330 2360 natalium
342 2311 369 2360 et
380 2310 464 2363 metus
478 2311 621 2378 temporum
633 2307 758 2370 obtentui,
771 2310 802 2365 ut
810 2305 877 2376 quod
889 2306 998 2377 segnitie

209 2387 271 2447 erat,
284 2383 409 2453 sapientia
422 2389 562 2442 vocaretur.
599 2385 670 2442 Dum
684 2383 788 2454 uigebat
805 2388 876 2450 utos,
895 2383 1019 2440 militaris

207 2457 284 2514 laude
301 2459 370 2530 apud
386 2461 533 2521 Germanim
546 2461 647 2517 :floruit
682 2460 734 2514 Pro
757 2459 860 2517 consule
884 2461 997 2522 Africam

208 2535 345 2602 moderate,
356 2537 408 2608 jam
422 2538 506 2593 senior
516 2538 659 2599 uiteriorem
671 2537 821 2608 Hispaniam
834 2537 888 2609 pari
897 2531 1012 2608 justitia¹

208 2613 342 2679 eontinuit,
362 2614 442 2684 major
464 2615 563 2685 privato
581 2615 658 2678 visus,
678 2613 737 2670 dum
755 2613 869 2684 privatus
886 2614 945 2679 fuit,
971 2618 997 2672 et

209 2689 319 2744 omnium
333 2708 458 2745 eonsensu
470 2709 549 2763 capax
560 2690 667 2760 imperii,
680 2690 731 2746 uisi
741 2690 898 2761 imperasset.

244 2766 376 2838 'trepidem
388 2767 485 2834 urbem,
499 2787 528 2822 ao
540 2767 616 2825 simul
627 2768 787 2825 atrocitatem
799 2767 907 2824 recentis
920 2766 1043 2832 noete-50

206 2843 252 2910 ris,
276 2843 351 2899 simul
374 2849 473 2900 veteres
497 2845 608 2901 Othonis
634 2862 718 2900 mores
742 2851 887 2914 ,paventem
913 2861 997 2905 ‚novus

206 2920 311 2990 iusuper
324 2919 355 2976 de
367 2921 472 2976 Vitellio
483 2921 589 2976 nuntius
596 2920 728 2988 exterruit,
741 2924 799 2978 auto
808 2919 899 2977 oedem
911 2917 997 2981 Galba

205 3014 367 3070 suppressus,
378 3002 413 3054 ut
430 3002 531 3054 tantum
547 2997 684 3069 superioris
699 2995 841 3057 &menie
858 2993 1003 3056 exercitum
