2575 3592
349 400 604 448 HISTORIARUM
622 400 674 448 ΙΙΙ.
692 403 794 449 25-30.
924 403 968 448 1²3

180 463 328 569 fipdssgpat
351 512 487 577 cunctatio,
511 512 539 566 ni
562 511 639 565 duces
663 511 729 565 fesso
752 475 828 566 militi
850 513 877 565 et
899 510 990 565 velutt

179 590 267 645 irritus
280 588 466 643 exhortationes
479 589 600 643 abnuenti
612 588 760 643 Cremonam
773 588 967 642 monstrtssent.

178 666 306 722 Hormine
328 664 355 719 id
377 665 516 736 ingenium,
537 669 568 718 ut
589 664 813 727 Masalasrada
833 682 866 718 an
886 664 969 735 potior
975 669 1013 723 28

177 755 271 805 auctor
282 749 317 803 sit
328 749 357 803 Ο.
370 748 477 815 Plinius,
490 748 534 818 qui
546 748 686 801 Antonium
699 748 806 813 ineusnt,
815 747 884 802 haud
896 748 968 803 facile

176 826 348 890 discreverim,
360 826 410 879 nisi
428 826 494 895 quod
512 844 594 895 neque
611 826 738 879 Antonius
756 844 837 895 neque
855 826 969 879 Hormus

175 924 192 958 a
211 904 282 959 iarun
298 904 401 972 vitaque
419 920 473 967 sua,
487 903 600 972 quamvis
617 902 726 972 pessimo
744 901 848 972 flagitio,
862 902 969 973 degene-

175 998 274 1035 ravere.
310 979 371 1034 Non
387 978 440 1049 jam
456 978 560 1049 sanguis
577 996 659 1048 neque
677 978 780 1032 vulnera
797 978 989 1043 morabantur,2

176 1056 242 1127 quin
263 1055 415 1111 subruerent
442 1054 537 1109 vallum
560 1059 744 1125 quaterentque
767 1058 861 1124 portas,
886 1054 968 1110 innixi

173 1132 289 1187 humeris
301 1135 328 1186 et
340 1149 416 1201 super
428 1130 543 1185 iteratam
560 1130 714 1185 testudinem
730 1130 878 1185 scandentes
894 1150 966 1201 pren-

174 1214 263 1263 sarent
284 1208 397 1263 hostium
414 1208 465 1261 tela
481 1207 639 1277 brachiaque.
677 1206 776 1277 Integri
793 1226 851 1261 cum
869 1208 988 1275 aaudiat

174 1286 314 1340 semineues
332 1302 391 1339 cum
405 1284 590 1354 exspirantibus
611 1283 755 1348 volvuntur,
775 1284 843 1337 varia
861 1302 967 1354 pereun-

173 1363 244 1416 tium
266 1362 349 1415 forma
371 1364 398 1414 et
419 1361 487 1415 omni
507 1361 617 1431 imagine
637 1360 764 1415 mortium.
807 1361 965 1415 Acerrimum
973 1368 1010 1420 29

173 1438 261 1492 tertiae
273 1437 435 1507 septimaeque
445 1436 572 1508 legionum
581 1442 725 1503 certamem
744 1440 770 1491 et
779 1436 831 1491 dux
837 1438 965 1493 Antonius

174 1532 236 1567 cnm
246 1512 349 1567 delectis
361 1513 521 1569 auxiliaribus
530 1514 618 1569 eodem
629 1513 786 1569 incubuerat.
817 1512 987 1569 Obstinatos2

172 1591 244 1644 inter
255 1608 283 1643 se
294 1608 352 1644 cum
364 1590 489 1645 sustinere
498 1590 629 1645 Vitelliani
640 1590 775 1660 nequirent
787 1593 813 1645 et
823 1590 966 1661 superjacta

172 1666 227 1721 tela
243 1666 371 1721 testudine
387 1666 540 1731 laberentur,
552 1667 633 1737 ipsam
651 1671 778 1737 postremo
796 1666 921 1739 ballistqm
938 1667 965 1723 in

171 1743 314 1800 subeuntes
325 1743 467 1813 propulere,
481 1762 537 1813 quae
549 1747 579 1797 ut
592 1742 623 1797 ad
635 1762 746 1814 presens
759 1743 857 1813 disjecit
869 1744 964 1799 obruit-

172 1838 224 1890 que
236 1838 299 1889 quos
311 1819 442 1883 inciderat,
455 1820 493 1874 ita
505 1819 594 1889 pinnas
606 1838 635 1875 ac
648 1838 746 1874 summa
757 1820 816 1875 valli
827 1820 900 1875 ruina
917 1840 964 1875 sna

170 1895 261 1949 traxit.
297 1895 378 1950 Simul
397 1896 488 1967 juncta
516 1896 595 1951 turris
618 1895 711 1950 ictibus
736 1915 854 1951 saxorum
877 1898 984 1954 cessit.8

172 1972 236 2029 Qua
248 1972 383 2042 septimani
401 1971 462 2027 dum
480 1972 598 2027 nituntur
618 1972 711 2037 cuneis,
724 1973 849 2029 tertianus
868 1977 962 2029 securi·

170 2047 223 2101 bus
245 2047 384 2119 gladiisque
407 2052 507 2119 portam
530 2049 659 2120 perfregit.
704 2050 817 2103 Primum
841 2050 962 2122 irrupisse

172 2124 206 2178 G.
217 2123 352 2179 Volusium
364 2126 447 2180 tertia
464 2124 570 2197 legionis
588 2126 694 2181 militem
711 2126 779 2180 inter
797 2144 884 2181 omnes
903 2145 962 2183 auc-

170 2204 245 2255 tores
265 2205 372 2255 constat.
408 2202 436 2255 Is
455 2202 483 2255 in
499 2201 593 2256 vallum
613 2221 738 2273 egressus,
759 2202 899 2257 deturbatis
918 2202 984 2272 quit

168 2277 331 2341 restiterant,
355 2278 506 2348 conspicuus
529 2297 606 2332 mann
632 2296 663 2333 aa
688 2296 756 2342 voce,
782 2284 856 2348 capta
878 2285 962 2335 castra

168 2354 347 2409 conclamavit.
383 2354 483 2419 Gaeteri,
507 2354 612 2425 trepidis
633 2355 686 2425 jam
709 2354 861 2424 Vitellianis,
884 2374 961 2427 seque

168 2450 186 2485 e
209 2431 276 2485 vallo
300 2430 524 2501 praecipitantibus,
542 2450 685 2502 perrupere.
722 2430 870 2502 Completnr
893 2432 961 2489 caede

169 2511 296 2577 quantum
312 2507 380 2561 inter
398 2511 482 2562 castra
492 2526 627 2579 murosque
638 2508 712 2563 vacui
723 2508 781 2563 fuit.
816 2511 855 2563 Ac
872 2528 960 2565 rursus
968 2520 1005 2573 30

169 2602 238 2638 nova
257 2584 373 2639 laborum
392 2584 477 2648 facies,
499 2584 578 2639 ardua
596 2584 667 2639 mbis
687 2584 786 2649 moenia,
805 2604 886 2641 saxea
905 2591 960 2641 tur·

168 2678 220 2723 res,
241 2660 329 2714 ferrati
349 2664 480 2731 portarum
498 2660 601 2731 objices,
620 2660 721 2716 vibrans
740 2661 792 2715 tela
810 2663 889 2727 miles,
911 2663 960 2717 fre·

168 2754 254 2809 quens
273 2736 461 2807 obstrictusque
481 2737 625 2791 Vitellianis
646 2738 762 2807 partibus
784 2738 960 2794 Cremonensis

165 2812 290 2886 populns,
314 2832 406 2885 magna
431 2832 490 2884 pars
516 2814 606 2878 Italia,
631 2817 699 2869 stato
723 2814 751 2868 in
778 2815 879 2869 eosdem
907 2812 960 2867 dies

165 2893 286 2947 mercatu
306 2894 460 2962 congregata
466 2912 474 2955 ;
501 2889 570 2960 qnod
590 2889 764 2945 defensoribus
785 2889 905 2944 auxilium
927 2890 962 2943 ob

164 2965 367 3033 multitudinem,
380 2965 585 3037 oppugnantibus
599 2965 792 3021 incitamentum
807 2964 839 3019 ob
851 2966 964 3033 pradum
