2575 3592
339 404 387 453 ute
679 401 797 450 TACITI

338 532 369 568 er
385 530 457 585 aequo
470 517 582 584 egerant,
595 512 662 568 datis
673 513 803 570 obsidibus
814 512 877 570 mam
891 461 1125 585 metzudah&

338 590 408 644 sidiis
428 591 586 661 castellisque
606 590 774 656 circumdatae,
796 594 869 646 tauta
891 591 988 646 ratione
1009 609 1124 662 curaque,

338 672 368 722 ιιι
379 667 449 720 nulla
460 673 519 722 ante
531 667 669 722 Britannis
680 686 746 722 nova
757 685 823 738 pars.

292 743 329 799 21
372 743 513 798 illucessita
529 743 630 798 transiit
648 762 755 815 sequeus
771 743 859 809 hiems,
878 742 1053 800 saluberrimis
1071 761 1126 798 cou-

338 820 400 876 siliis
412 820 552 890 absumpta
587 820 705 892 Namque
716 825 746 876 ut
758 821 872 876 homines
884 819 992 891 dispersi
1003 838 1034 876 ac
1046 819 1124 886 rudes,

338 917 418 970 eoque
429 898 456 953 in
469 899 535 954 bellu
549 899 642 964 faciles,
659 899 739 970 quieti
756 903 782 956 et
798 899 851 954 otio
865 917 911 970 per
926 899 1074 970 voluptates
1091 917 1125 952 es·

338 981 491 1041 acescerent,
507 976 605 1033 hortari
619 976 745 1046 privatim,
760 976 879 1046 adjuvare
895 976 1004 1046 publice,
1017 983 1050 1030 ut
1068 980 1125 1030 tem·

337 1053 387 1124 plu,
411 1053 473 1118 lora,
495 1053 584 1108 domus
607 1058 777 1121 exstruerent,
797 1053 922 1110 laudando
946 1057 1080 1125 promptos
1103 1057 1124 1107 el

315 1129 484 1202 tcastigando
504 1149 602 1202 segnes.
638 1131 684 1186 Ita
699 1131 802 1186 honoris
825 1130 953 1186 emulatio
977 1149 1026 1202 pro
1046 1149 1125 1185 neces

333 1206 415 1264 ¹eitate
432 1211 495 1263 erat.
530 1209 589 1262 Jem
606 1225 667 1262 vero
684 1207 827 1279 principum
844 1207 908 1262 filios
925 1207 1074 1262 liberalibus
1091 1226 1125 1260 ιιι-

337 1280 408 1339 tibus
419 1285 526 1352 erudire
537 1287 564 1340 et
575 1284 677 1355 ingenia
692 1284 873 1340 Britannorum
889 1283 982 1340 studiis
999 1284 1125 1340 Gallorum
1145 1297 1146 1318 ι

339 1362 471 1427 ιιιιιιιιιπιι,
487 1368 517 1416 ut
535 1361 579 1432 qui
593 1360 669 1416 modo
686 1361 799 1433 lingrram
817 1361 958 1416 Romarm
976 1360 1125 1424 abnuebant,

317 1437 505 1510 teloquentiam
517 1434 730 1508 concupiscerent.
765 1437 831 1492 Inde
843 1437 919 1492 etiam
930 1436 1040 1492 habitus
1050 1436 1125 1492 nostri

338 1514 419 1569 honor
441 1518 468 1570 et
491 1515 610 1585 frequens
633 1518 702 1586 toga
737 1513 914 1584 Paulatimque
935 1513 1081 1569 discessum
1100 1513 1146 1574 edi

339 1591 507 1646 delenimenta
522 1590 650 1656 vitiorum,
668 1591 782 1661 porticus
803 1594 830 1645 et
846 1589 937 1646 buna
956 1600 984 1646 et
1003 1591 1126 1646 conmuc-
1145 1607 1146 1690 p

339 1686 396 1722 rum
407 1667 565 1739 elegantiam.
600 1666 683 1736 quue
699 1667 767 1738 apud
782 1667 912 1738 imperitos
928 1667 1079 1724 humanitus
1089 1686 1126 1722 ro·
1145 1705 1146 1782 1

338 1743 451 1809 sabatur,
464 1762 521 1799 cum
533 1763 593 1814 pars
603 1743 735 1803 aratum
747 1748 822 1800 esset.
1145 1783 1146 1804 ι

292 1818 330 1874 22
372 1820 474 1874 Tertius
496 1820 684 1890 expeditionum
704 1838 784 1876 mnus
803 1837 880 1876 noras
903 1824 994 1890 gentes
1021 1819 1146 1892 aperuit*

266 1896 445 1982 *pasturastutis
462 1915 543 1966 usque
564 1896 596 1952 ad
616 1897 695 1953 'laum
717 1897 846 1966 (aestuario
866 1915 960 1951 nomen
979 1899 1044 1968 est)
1063 1898 1125 1953 neti·

275 1971 322 2032 aa
339 1971 436 2027 onibus.
481 1972 541 2032 Qua
552 1971 693 2028 formidine
703 1973 786 2028 territi
803 1973 897 2038 hostes,
911 1991 1061 2044 quanquam
1072 1993 1125 2030 oon·

282 2042 314 2083 ⁸⁰¹
338 2049 462 2106 dictatum
476 2049 549 2104 sevis
564 2049 758 2120 tempestatibus
777 2049 922 2116 exercitum,
934 2049 1064 2106 lacessere
1080 2069 1125 2105 non

314 2127 408 2194 tausi3
426 2125 599 2198 ponendisque
614 2127 718 2196 iusuper
729 2126 839 2182 castellis
855 2127 966 2197 spetiem
978 2127 1041 2182 fuit.
1078 2131 1125 2182 Διι-

336 2204 458 2259 notabant
479 2204 561 2275 periti,
579 2221 632 2258 non
652 2203 728 2258 auum
753 2202 841 2258 ducem
865 2203 1075 2273 opportunitates
1096 2205 1125 2259 lo

335 2298 423 2336 corum
446 2281 585 2351 sapientius
608 2279 720 2351 legiseo;
749 2279 847 2334 nullum
865 2277 897 2334 ab
912 2280 1038 2351 Agricola
1065 2283 1126 2352 posi-

334 2362 392 2412 tum
407 2357 539 2412 castellum
554 2360 599 2411 aut
616 2357 643 2410 vi
656 2356 767 2410 hostium
786 2361 971 2426 expugnatum,
985 2362 1035 2412 aut
1053 2357 1125 2428 paeti-

311 2437 383 2487 toue
399 2451 429 2488 ac
446 2435 509 2504 iuga
525 2433 661 2488 desertum.
698 2432 800 2487 Crebrae
820 2431 981 2502 eruptiones:
1008 2451 1068 2488 nam
1087 2434 1126 2488 ad·

334 2525 423 2563 versus
448 2527 532 2564 moras
561 2509 698 2564 obsidionis
726 2509 817 2564 annuis
845 2507 923 2578 copiis
947 2507 1121 2564 firmabantur.

292 2630 296 2638 .
335 2583 379 2638 Ita
390 2584 516 2656 intrepida
526 2585 562 2657 ibi
576 2586 665 2650 hiems,
678 2589 705 2640 et
719 2584 767 2640 sibi
784 2585 890 2655 quisque
905 2584 1033 2654 praesidio,
1047 2585 1124 2640 irritis

333 2660 450 2716 hostibus
474 2680 555 2732 eoque
578 2661 778 2732 desperantibus,
799 2661 865 2732 quia,
884 2661 952 2716 soliti
976 2661 1126 2733 plerumque

333 2737 424 2790 damna
439 2738 535 2791 estatis
550 2738 661 2792 hibernis
681 2737 813 2792 eventibus
830 2755 945 2808 pensare,
962 2741 1021 2792 tum
1039 2745 1126 2798 restem

310 2818 410 2882 satque
432 2812 514 2866 hume
533 2817 612 2882 juxta
637 2813 802 2884 pellebantur.
850 2814 906 2868 Nee
931 2814 1058 2885 Agricola
1081 2833 1125 2868 un·

333 2905 409 2956 quem
426 2906 471 2958 per
491 2887 553 2942 ulios
572 2894 647 2959 gesta
664 2890 752 2944 avidus
770 2889 918 2960 intercepit:
946 2909 994 2945 seu
1011 2890 1126 2949 centurio

334 2977 380 3015 seu
392 2963 525 3032 prefectus
536 2964 711 3036 incorruptum
723 2965 785 3022 lacti
797 2970 888 3022 testem
900 2966 1020 3025 mbatea
1050 2969 1126 3040 Apud
