2575 3592
434 416 617 470 Aonlcont
637 420 740 466 15-18.
928 419 976 470 265

195 482 221 522 Δ·
230 481 254 522 ¹³·
266 482 309 533 nn

193 549 254 603 quos
267 529 419 586 eonscientiae
434 528 582 586 detentionis
594 532 621 584 et
638 529 742 601 propius
754 545 787 586 ex
797 528 882 601 legoto
898 530 976 586 timor

192 607 320 680 rebbo)
336 607 364 662 ni
382 625 523 678 eunom
541 606 658 678 emenus
676 611 769 664 oeten
785 609 932 677 arroganter
947 607 976 664 in

191 684 286 740 deditos
302 688 336 749 st,
348 688 379 739 nt
391 702 444 740 suae
456 683 579 755 cujusque
590 683 689 754 injurie
700 683 777 752 ultor,
788 683 876 738 durius
882 701 975 740 oonsu-

189 761 259 823 leret.
291 761 389 816 Missus
404 760 489 832 igitur
505 761 640 816 Petronius
664 760 831 831 turpilianus,
856 765 998 831 tanuum8

188 837 344 904 exorabilior,
363 842 390 892 et
402 837 500 894 delictis
508 837 621 894 bostium
632 854 721 904 noros,
730 856 810 909 eoque
822 837 975 908 penitentis

188 915 279 980 mitior,
297 916 442 986 compositis
458 915 591 986 prioribus,
604 914 667 970 nihil
682 913 751 970 ultre
761 933 838 970 susus
851 915 975 972 Trebellio

187 992 299 1049 Maximo
322 992 478 1061 provinciam
500 991 613 1048 trsdidit.
650 991 789 1047 Trebellius
813 992 920 1064 segnior,
948 997 1000 1051 ete

185 1069 261 1124 nullis
272 1072 412 1124 castrorum
422 1069 607 1141 experimentis,
620 1069 741 1124 oomitote
752 1067 858 1140 quodum
871 1069 976 1126 ourandi

185 1146 338 1218 provinciam
348 1147 440 1202 tenuit.
477 1146 594 1202 Didioere
603 1146 656 1217 jum
667 1145 767 1201 barbari
778 1165 878 1218 quoque
889 1147 975 1219 ignos-

185 1241 244 1280 oere
254 1223 322 1278 vitiis
335 1223 535 1289 blsndientibns3
553 1228 581 1278 et
596 1223 756 1279 interventus
768 1223 879 1280 oivibum
892 1241 976 1278 ormo*

184 1318 243 1355 rum
259 1299 368 1370 prebuit
380 1300 476 1369 justum
493 1299 608 1370 segnitie
624 1304 819 1354 exousstronem.
857 1299 907 1356 Sed
923 1300 972 1355 dis·

184 1375 269 1433 oordis
276 1375 617 1443 laboratumeummsuetus
625 1375 827 1447 expeditionibus
835 1376 969 1433 milesotio

183 1453 316 1509 lasciviret.
351 1453 497 1522 Trebellius,
509 1454 571 1525 fuge
586 1471 616 1509 so
630 1452 734 1508 latebris
749 1453 830 1509 vitato
845 1455 993 1513 exereituso

182 1531 230 1595 irs,
245 1529 377 1586 indeoorus
392 1534 469 1602 stqne
483 1530 586 1584 humilis
601 1529 715 1600 precario
731 1547 791 1584 mox
806 1530 923 1600 prefuit;
941 1548 972 1586 oo

181 1607 254 1662 velut
265 1607 340 1678 pecti,
350 1607 475 1664 aereus
487 1606 620 1671 lieentism.
631 1605 684 1661 dux
692 1605 807 1672 salutem,
817 1607 870 1678 [et]
878 1607 970 1662 seditio

182 1685 239 1742 sine
258 1684 382 1756 sanguine
404 1684 485 1740 stetit.
521 1685 576 1740 Neo
598 1683 703 1738 Vettius
726 1683 848 1747 Bolanus,
868 1692 993 1740 manen-6

181 1760 252 1818 tibus
268 1760 351 1816 sdhnu
368 1760 482 1818 uirilibus
499 1760 579 1828 bellis,
595 1760 701 1832 agitavit
718 1759 877 1816 Britanniam
894 1761 970 1817 disei-

180 1837 258 1908 plinn
293 1837 390 1895 Eodem
409 1838 502 1894 inertis
520 1856 581 1910 erge
600 1838 695 1903 hostes,
717 1837 806 1893 similis
828 1839 972 1908 petulantie

179 1919 329 1980 nestrorum,
342 1915 392 1972 nisi
403 1914 472 1986 qnod
482 1915 603 1972 innocens
613 1914 733 1981 Bolanus,
746 1919 773 1970 et
784 1915 860 1971 nullis
871 1915 970 1972 debetis

178 1991 286 2056 invisus,
297 1992 430 2049 uenum
444 1996 577 2061 perornat
588 1992 644 2048 loeo
660 1993 827 2048 auetoritatis.
863 1993 914 2048 Sed
924 1993 969 2049 ubi
979 1991 1014 2052 17

180 2086 241 2124 oum
251 2073 342 2125 ootero
350 2068 413 2126 orbe
421 2069 591 2140 Vespasianus
599 2072 627 2124 et
634 2069 793 2124 Britanniam
801 2071 967 2140 recuperavit,

178 2146 267 2217 magni
284 2145 367 2212 duoes,
386 2146 484 2218 egregii
502 2146 636 2213 meruitne,
653 2146 751 2202 minute
770 2145 883 2201 hostium
902 2165 969 2217 spes.
1104 2203 1108 2214 ,

177 2221 216 2279 Bt
233 2226 355 2279 terrorem
370 2222 459 2279 stetim
470 2222 557 2280 intulit
571 2222 678 2279 Petilius
692 2222 804 2290 Cerialis,
816 2223 991 2293 Brigantum

177 2298 317 2364 civilatem,
335 2318 392 2371 qum
411 2298 616 2355 numerosissimo
630 2299 766 2370 provinoioe
785 2299 867 2354 totins
884 2301 970 2371 perhi-

175 2375 263 2440 betur,
282 2394 424 2448 eggressus.
459 2375 544 2431 Multo
559 2375 653 2446 prelis,
668 2379 695 2431 et
712 2375 847 2447 obquendo
862 2395 914 2432 non
930 2376 973 2432 in*

175 2459 300 2522 ornentn3
324 2473 490 2529 magnamque
508 2456 661 2529 Brigantum
680 2461 778 2528 purtem
799 2461 843 2512 out
864 2459 969 2515 victorie

175 2535 312 2604 amplexus
330 2542 371 2590 est
389 2539 435 2590 out
455 2534 528 2590 bello.
565 2535 602 2590 st
622 2534 725 2590 Gerinlis
746 2535 846 2608 quidem
865 2537 991 2593 ulteriuso

174 2612 332 2667 suooessoris
351 2630 438 2667 euram
459 2612 601 2683 famemque
624 2611 758 2680 obruisset,
781 2615 826 2668 sod
846 2615 968 2670 sustinuit

173 2688 268 2743 molem
284 2688 370 2744 Julius
385 2689 532 2754 lbontinus,
547 2689 586 2744 vir
599 2708 714 2761 mugnus,
728 2696 850 2762 qnantum
867 2692 967 2758 lioebet,

171 2765 336 2836 validumque
347 2770 373 2820 et
385 2784 525 2838 pngnsoem
537 2766 648 2821 Silurum
657 2771 757 2838 gentem
770 2769 845 2824 annis
858 2769 967 2841 subegit,

171 2860 254 2975 sgrper
276 2843 399 2898 virtutem
421 2843 533 2899 bostium
552 2843 663 2900 looorum
685 2863 784 2918 quoqne
808 2846 968 2904 difficultates

170 2923 313 2974 enotrius.

208 2997 294 3052 Hono
317 2996 455 3052 Britannis
478 3000 581 3067 statum,
603 2997 649 3054 bos
673 2998 796 3056 bellorum
816 2999 891 3070 vises,
912 3003 1011 3062 me-18
