2575 3592
303 388 349 435 232
635 387 755 436 TACITI
811 391 817 399 ⁴

281 505 296 551 8
337 496 471 552 Celebrant
482 498 634 555 carminibus
648 501 767 572 antiquis,
779 499 849 571 qnod
862 518 944 554 unum
955 498 1029 570 apud
1039 499 1097 554 illus

302 574 427 629 memoria
439 578 465 629 et
477 574 602 629 annulum
614 595 694 649 genus
704 582 751 642 est,
763 577 914 631 Tnisoonem
926 576 1015 641 deum,
1028 582 1099 631 terra

302 649 405 717 editum,
426 652 552 707 etlilium
575 654 706 719 Mannum,
727 654 851 726 originem
871 654 956 725 gentis
980 653 1098 709 eondito

301 746 399 799 resque.
433 728 528 783 Manno
540 733 593 784 tres
610 730 675 785 filios
691 731 830 800 assignant,
843 748 977 800 equorum
997 731 1099 785 nomin·

302 804 358 859 ibus
382 805 491 875 proximi
509 806 609 861 Ooeano
633 807 792 879 Ingaevones,
814 806 890 863 medii
909 807 1097 872 Herminones,

280 882 387 937 laeteri
399 882 537 937 Istaevones
553 888 682 939 vorentur.
718 884 842 950 Quidam,
855 889 885 939 ut
896 884 924 939 in
934 884 1044 939 lieentia
1055 903 1099 938 ve·

302 958 414 1023 tustatis‚
439 958 523 1028 plures
547 959 594 1015 deo
618 965 688 1015 ortos
712 960 850 1033 pluresque
874 961 959 1033 gentis
984 961 1099 1033 appella

302 1035 390 1103 tiones,
403 1034 510 1101 Marsos,
524 1036 689 1102 Gambrivios,
701 1038 804 1106 Suevos,
815 1038 946 1093 Vandilios
957 1038 1096 1102 affirmant,

302 1130 381 1182 eaque
401 1130 461 1167 vera
479 1117 506 1167 et
530 1114 635 1185 antiqua
658 1115 767 1169 nomina
802 1114 930 1170 Ceterum
951 1115 1097 1170 Germaniae

302 1188 450 1244 vocabulum
462 1208 549 1246 reoens
561 1197 588 1245 et
602 1210 682 1261 nuper
694 1191 816 1257 additum,
830 1192 948 1263 quoniam
960 1192 1008 1264 qni
1019 1193 1096 1263 primi

302 1265 421 1321 erenum
432 1268 582 1340 transgressi
600 1268 685 1323 Gallos
701 1268 845 1339 expulerint
861 1287 890 1324 ao
901 1287 971 1323 nuno
987 1270 1093 1341 hunni,

280 1348 363 1399 otnno
384 1344 502 1399 Germani
521 1345 604 1400 vocati
627 1346 687 1400 sint,
722 1346 766 1400 Ita
785 1345 896 1400 nationis
918 1364 1021 1410 nomen,
1044 1365 1095 1401 non

301 1421 392 1492 gentis,
405 1422 527 1477 evaluisse
543 1422 673 1493 paulatim,
689 1426 720 1477 ut
736 1441 832 1488 omnes,
842 1423 951 1493 primum
968 1441 986 1477 a
997 1423 1094 1478 viatore

302 1498 334 1553 ob
350 1503 453 1564 metum,
470 1517 529 1553 mox
546 1500 653 1555 etiams
669 1519 697 1555 se
713 1501 775 1571 ipsis
790 1500 894 1555 invento
909 1500 1013 1555 numine
1030 1500 1093 1555 Ger·

277 1575 368 1636 amani
387 1581 545 1631 vocarentur.
581 1576 671 1631 Fuisse
692 1576 760 1647 apud
776 1596 819 1633 eos
836 1582 863 1633 et
882 1576 1024 1633 Herculem
1044 1597 1093 1631 me·

299 1656 407 1718 morant,
426 1653 584 1724 primumque
600 1654 714 1709 omnium
730 1654 842 1710 virorum
859 1654 965 1710 tortium
985 1654 1051 1709 ituri
1067 1656 1094 1710 in

300 1730 386 1799 proelia
397 1735 499 1785 canunt.
535 1730 600 1785 Sunt
612 1730 661 1786 illis
673 1732 727 1788 hae
739 1750 839 1803 qnoque
851 1731 969 1797 earmina,
983 1750 1094 1802 quornm

300 1806 389 1875 relatu,
407 1825 482 1878 quem
497 1806 607 1864 baritum
622 1813 722 1873 vocant,
739 1808 879 1863 aoeendunt
897 1809 1004 1873 animos,
1022 1809 1092 1863 futu-

278 1890 383 1953 2raeque
404 1901 495 1955 pugna
511 1883 638 1939 fortunam
654 1884 709 1956 ipso
730 1890 810 1940 cantu
825 1889 994 1957 augurantur.
1031 1886 1093 1941 Ter·
1134 1915 1135 1922 κ

299 1968 356 2015 rent
380 1960 446 2014 enim
469 1960 635 2031 trepidantve,
656 1966 733 2031 prout
756 1961 842 2018 sonuit
865 1961 951 2026 acies;
968 1980 1017 2017 neo
1039 1967 1093 2018 tarn

299 2036 513 2108 vooesillaequam
523 2037 624 2092 virtutis
634 2043 773 2095 conuentus
782 2039 909 2095 videntur.
944 2038 1093 2095 Affootatur
1134 2069 1135 2082 =

299 2114 424 2185 praaipno
436 2114 557 2185 asperitas
569 2115 624 2169 soni
642 2120 670 2171 et
682 2116 792 2171 fractum
803 2134 923 2180 murmur,
937 2114 1049 2186 objectis
1061 2117 1092 2171 ad

299 2209 328 2246 os
346 2191 433 2258 sontis,
452 2209 502 2263 quo
519 2191 616 2261 plenior
632 2197 660 2247 et
674 2193 776 2263 gravior
791 2211 842 2247 vox
853 2210 1006 2263 repercussu
1021 2193 1092 2249 intu-

277 2273 401 2324 smeso'at.
437 2268 564 2325 Craterum
576 2275 602 2325 et
618 2270 720 2325 Ulixem
737 2270 839 2341 qnidam
853 2269 1000 2340 opinantur,
1012 2269 1089 2343 longo

298 2345 341 2399 illo
353 2352 380 2400 et
392 2346 506 2402 sabuloso
518 2364 602 2401 errore
614 2347 641 2400 in
652 2347 721 2403 huno
732 2348 862 2403 Ooeannm
874 2345 996 2413 delatum,
1005 2347 1088 2403 adisse

299 2422 439 2478 Germania
454 2430 543 2489 terras,
557 2423 794 2496 Asciburgiumque,
807 2422 876 2495 quod
889 2423 917 2478 in
932 2424 989 2495 ripa
1002 2424 1089 2481 Rheni

299 2498 377 2552 situm
395 2499 518 2571 hodieque
533 2500 660 2566 incolitur,
679 2501 711 2556 ab
729 2502 772 2557 illo
789 2501 958 2557 eonstitutum
974 2502 1087 2557 nomina-

297 2578 420 2644 tumque;
438 2594 506 2631 aram
529 2578 669 2648 quinetiam
692 2578 766 2633 Ulixi
788 2582 969 2643 consecratam,
988 2577 1087 2650 adjectu

297 2650 398 2705 La'e'rtae
410 2652 488 2720 patris
500 2654 607 2721 nomine,
620 2653 708 2709 eodem
719 2655 774 2711 loeo
783 2654 843 2710 olim
855 2658 988 2725 repertam,
997 2674 1086 2711 monu-

298 2731 440 2797 mentaque,
453 2730 479 2780 et
490 2730 601 2785 tumulos
615 2730 735 2801 quosdam
746 2732 841 2787 Grmois
852 2731 932 2787 literis
941 2731 1086 2804 inscriptos,

276 2802 325 2859 sin
342 2803 448 2857 oonflnio
465 2802 604 2860 Germaniae
619 2808 759 2879 Raetiaeque
777 2808 859 2865 adhue
876 2813 984 2865 exstare
1022 2810 1084 2870 Qua

299 2894 379 2949 neque
395 2878 540 2935 oonfirmare
557 2884 712 2953 argumentis
729 2904 812 2957 nequo
827 2886 941 2942 refellere
957 2886 986 2941 in
1002 2888 1084 2943 animo

299 2966 354 3005 est:
371 2972 405 3007 ex
425 2955 525 3025 ingenio
544 2974 590 3010 suo
609 2960 715 3031 quisque
734 2960 819 3043 domm
840 2962 880 3019 vel
902 2962 981 3019 addat
1002 2964 1081 3021 fidam.
