2575 3592
299 383 347 432 2⁰8
630 382 749 429 TACITl

928 445 1087 493 [amum

299 498 389 553 cestris
401 494 508 567 egerat)
518 492 625 563 pugnari
638 494 714 549 simul
724 494 840 566 vincique
851 512 912 549 suos
923 496 1042 566 audierit,
1052 499 1091 553 in·

301 590 405 646 crepans
417 588 536 643 pavorem
547 570 728 636 nuntiantium,
741 570 821 627 donec
835 572 954 627 univansa
966 572 1053 629 clades
1064 576 1091 631 in

278 650 380 706 2oculis
398 650 454 704 fuit.
491 648 617 717 Perrupta
638 646 766 719 legionum
789 652 879 713 castra,
898 648 949 703 fusi
973 650 1091 721 equiitssz

300 728 396 782 medius
408 724 522 781 Mosella
533 739 604 795 pons,
615 724 659 795 qui
670 722 791 780 ulteriora
807 725 910 779 coloniae
922 727 1047 793 annectit,
1059 728 1092 784 ab

300 804 415 859 hostibus
434 802 553 856 insessis.
590 798 704 868 cotialis,
720 801 829 856 turbidis
849 802 925 857 rebus
945 804 1092 875 intrepidus

300 886 326 935 ct
339 880 466 951 fugientes
481 892 558 932 mann
572 878 710 946 retrahens,
722 878 819 933 intecto
835 896 938 949 corpore
952 886 1092 951 promptus

300 959 366 1013 iuter
389 956 447 1021 tela,
466 951 534 1009 felici
551 956 696 1010 temeritate
713 960 740 1011 ct
757 954 889 1011 fortissimi
906 956 1034 1029 cujusque
1051 976 1092 1013 ac-

277 1038 383 1099 tcursu,
396 1036 572 1103 recuperatum
584 1036 687 1103 pontem
698 1032 779 1088 electa
790 1050 866 1087 msnu
874 1034 991 1088 tinnavit.
1023 1034 1093 1089 Mox

299 1113 326 1166 iu
342 1116 425 1167 castra
440 1126 564 1174 reversus,
580 1108 694 1179 palantes
710 1116 845 1180 captatum
861 1110 929 1181 apud
946 1112 1091 1167 Novesium

299 1190 463 1259 Bonnamque
479 1186 607 1257 legionum
623 1187 763 1257 manipulos
781 1192 808 1242 et
825 1205 910 1241 nurum
928 1188 997 1258 apud
1015 1190 1092 1261 signa

298 1266 403 1321 militem
415 1278 444 1321 so
456 1278 535 1335 prope
546 1264 733 1319 mroumventas
744 1264 840 1337 equilus
849 1264 926 1320 videt.
962 1265 1091 1321 Incensus

298 1344 344 1407 ira,
362 1348 376 1375 “
386 1360 438 1398 non
454 1342 598 1406 Flaccum?
614 1341 706 1413 inquit,
726 1347 803 1396 “non
819 1340 943 1398 Voculam
961 1341 1091 1398 deseritis„

276 1421 377 1476 4Nulls
399 1420 441 1475 hio
464 1418 589 1489 proditio:
613 1435 696 1489 neque
721 1420 789 1473 uliud
808 1418 981 1475 excubandum
997 1418 1091 1487 habeo,

299 1514 373 1569 quam
391 1495 458 1569 quod
474 1512 526 1561 vos,
542 1494 632 1552 Gallici
648 1495 749 1551 sedens
765 1494 864 1561 oblitos,
881 1494 977 1551 mdisae
994 1496 1026 1551 in
1040 1516 1092 1553 me·
1138 1565 1139 1572 ἵ

298 1576 402 1631 moriam
425 1572 535 1629 Romani
558 1573 715 1641 sacramenti,
736 1578 831 1629 temere
850 1572 957 1629 credidi.
1000 1576 1092 1629 Annu-
1138 1577 1140 1606 l

299 1652 413 1707 metabor
437 1649 562 1705 Numisiis
587 1653 614 1703 et
641 1650 795 1706 Herenniisz
822 1655 852 1705 ut
878 1666 967 1705 omnes
994 1650 1092 1722 Legati

300 1729 386 1793 vestri,
404 1731 448 1781 aut
465 1726 575 1781 militum
591 1726 716 1793 munibus,
734 1731 779 1781 sut
801 1727 921 1791 hostium,
939 1727 1092 1785 ceciderint.

276 1813 290 1857 t
302 1806 347 1869 lte,
360 1804 477 1859 nuntiate
486 1800 651 1872 Vespasiano,
660 1803 709 1867 sal,
719 1802 787 1873 quod
799 1802 903 1874 propius
915 1808 963 1873 est,
972 1803 1054 1859 Civili
1066 1811 1092 1861 et
1138 1813 1139 1868 ζ

299 1882 417 1946 Classico,
439 1878 556 1934 relictum
580 1898 595 1933 a
618 1879 690 1933 uobis
711 1880 738 1934 in
758 1882 812 1935 acie
833 1878 939 1935 Ducem.
975 1880 1091 1937 Venient
1138 1921 1139 1928 ,

299 1958 417 2029 legiones,
430 1972 486 2027 quas
498 1970 579 2027 neque
596 1970 636 2009 me
654 1956 771 2021 inultum,
785 1974 868 2027 neque
882 1974 927 2011 vos
938 1957 1092 2028 impunitos,
1138 1971 1139 2006 l

255 2035 454 2105 78pstiantur.”
489 2033 558 2087 Vera
581 2040 661 2098 erunt,
680 2038 707 2088 ct
732 2052 747 2088 a
769 2032 888 2088 'lhlbunis
905 2034 1092 2108 Proefeotisqne

298 2112 385 2167 eadem
396 2110 583 2184 ingerebantur.
619 2110 771 2165 Consistunt
783 2127 829 2180 per
840 2109 957 2166 cohortes
969 2117 997 2167 ct
1011 2116 1093 2169 masii·

299 2190 387 2261 pulos:
405 2188 564 2261 nequeenim
574 2192 676 2258 poterut
686 2192 816 2259 patescere
828 2188 902 2255 acies,
911 2188 993 2243 effinse
1005 2190 1090 2257 hoste,

298 2274 324 2320 et
336 2266 530 2339 impedientibus
542 2264 659 2319 teutonis
670 2265 832 2335 sarcinisque,
845 2282 902 2319 oum
914 2265 983 2319 inm
994 2268 1089 2324 vellum

277 2348 463 2413 npngnuretur.
499 2342 580 2396 'lutor
597 2345 624 2415 ct
642 2329 770 2396 Classicus
788 2347 815 2396 et
833 2342 927 2409 civilis,
945 2344 1001 2397 suis
1024 2346 1088 2416 quis

299 2436 347 2489 que
366 2420 434 2485 locis,
456 2434 567 2490 pugnam
588 2416 703 2473 ciebant:
723 2418 808 2473 Gallos
828 2436 875 2489 pro
891 2417 1022 2489 libertate,
1039 2422 1089 2476 Bu-

298 2503 370 2549 tusus
382 2514 429 2565 pro
441 2496 528 2565 gloria,
539 2495 677 2549 Germanos
689 2494 722 2549 ad
733 2495 843 2566 prodam
855 2496 1017 2567 instigantes.
1053 2500 1088 2553 Et

297 2576 389 2625 cuncta
400 2588 447 2640 pro
458 2570 574 2625 hostibus
592 2575 672 2625 erant.
708 2572 798 2627 Donec
808 2572 874 2644 legio
890 2573 1087 2641 unetvicesima,
1138 2569 1140 2592 ¹

298 2646 447 2717 patentiore,
466 2662 541 2716 quam
562 2652 667 2711 osteum
686 2649 770 2718 spatio
788 2649 946 2720 conglobata,
963 2653 1087 2707 sustinuit

277 2728 416 2787 eruentem
435 2738 494 2775 mox
505 2722 616 2791 impulit.
653 2724 710 2779 Neo
728 2726 783 2779 sins
798 2740 848 2795 ope
864 2726 965 2793 Divina,
980 2730 1086 2784 mutatis

299 2804 403 2867 repente
420 2796 520 2858 muisis,
537 2802 610 2868 terge
630 2800 740 2855 victores
757 2806 864 2857 venere.
900 2803 964 2872 ipsi,
982 2808 1085 2860 territos

299 2890 327 2925 se
338 2874 480 2927 cohortium
492 2878 603 2939 aspectu,
617 2874 740 2941 lembunt,
753 2893 817 2947 qum,
830 2879 913 2948 ptimo
925 2879 1025 2950 impetu
1037 2883 1083 2937 dis-

296 2952 380 3016 jectae,
393 2947 497 3004 summis
509 2962 597 3001 rursus
607 2950 678 3023 'fugis
691 2954 964 3025 semiambustum
973 2959 1083 3029 speciem
