2575 3592
447 425 698 475 nrsrcurnuun
716 423 737 476 1.
755 427 856 475 ec-ce
920 482 941 498 ,1
994 431 1025 478 cc

236 489 300 602 dudi
310 489 403 600 ⁶tiirrcu
426 545 502 601 ordor
517 550 545 601 et
561 545 600 600 vis
622 544 823 608 militum‘ultrc
846 543 917 600 ducis
940 547 1027 602 munia

236 623 365 694 implebat,
377 627 408 678 ut
420 623 443 678 ci
455 622 554 680 adesset
565 623 703 694 imperator
715 631 742 678 et
754 623 865 678 strenuis
877 622 917 678 vel
928 623 1026 694 ignavis

236 719 308 773 epem
326 707 472 772 metumque
486 701 597 757 adderet.
632 701 759 756 Instructi
772 701 914 772 intentique
926 701 1051 773 siguum
1085 724 1091 734 ·

237 778 402 850 profectionis
414 783 562 850 exposcunt.
598 779 702 833 Nomen
713 782 852 833 Germanici
863 778 967 834 Vitellio
975 783 1027 833 sta-

236 857 286 911 tim
303 855 432 910 additumc
451 855 576 911 Gaesarem
595 875 622 910 ae
639 856 760 927 appellari
778 858 853 911 etiam
872 856 953 912 victor
970 874 1026 927 pro·
1057 907 1060 912 .

236 932 329 988 hibuit.
365 933 467 988 Lutum
479 933 611 1004 augurium
626 933 705 988 Fabio
725 933 827 988 Valenti
847 933 1050 1004 exercituique,5

238 1029 315 1083 quem
326 1012 353 1066 in
364 1009 458 1066 bellum
470 1011 568 1083 egebat,
580 1012 636 1082 ipec
654 1010 816 1082 profectionis
828 1010 869 1066 die
883 1011 966 1082 aquile
977 1011 1028 1066 leni
1099 1061 1101 1066 .

237 1092 333 1153 meatu,
347 1093 424 1159 prout
442 1107 533 1160 agmen
549 1087 686 1156 incederet,
705 1089 776 1144 velut
796 1088 849 1143 dux
867 1089 913 1144 viae
934 1107 1027 1160 precio

238 1164 484 1236 larit310ugumque
504 1184 550 1236 per
570 1165 715 1236 epatiumie
735 1165 899 1237 gaudentium
919 1166 1028 1222 militum

239 1243 342 1311 clamor,
354 1259 384 1297 ee
395 1242 466 1313 quies
481 1242 604 1297 interritoe
616 1242 684 1297 alitia
705 1242 762 1308 fuit,
784 1247 814 1297 ut
834 1242 903 1298 haud
923 1243 1028 1299 dubium

239 1337 339 1391 magne
350 1323 377 1374 et
390 1337 516 1391 prospere
527 1320 565 1375 rei
580 1338 655 1375 omen
666 1320 829 1390 acciperetur.
865 1321 900 1374 nt
912 1319 1075 1376 maurosus

241 1396 351 1468 quidem,
362 1401 394 1452 ut
405 1397 496 1461 socios,
508 1397 691 1452 securiadiere.
728 1396 853 1452 Divoduri
875 1397 1028 1466 (Medicmu

240 1474 362 1530 tricorum
383 1473 411 1529 id
434 1473 554 1545 oppidum
572 1476 633 1544 emt)
656 1493 799 1546 quenquam
817 1474 885 1529 omni
909 1476 1029 1531 comitate

240 1556 360 1622 exceptos
372 1550 472 1606 subitus
484 1569 563 1623 pavor
573 1552 673 1618 terruit,
692 1551 771 1623 raptis
795 1551 930 1622 derepente
953 1553 1028 1608 ermis

241 1627 275 1682 ad
286 1627 379 1683 cedem
387 1628 496 1683 innoxie
504 1628 623 1697 civitatis,
632 1647 684 1684 non
691 1628 723 1684 cb
732 1627 842 1700 predam
852 1634 897 1684 eut
906 1629 1029 1700 spoliandi

241 1704 393 1776 cupidinem,
406 1704 452 1760 aed
467 1705 554 1760 furore
569 1709 596 1760 et
608 1706 678 1760 rabie
690 1709 717 1760 et
729 1706 811 1761 causis
827 1705 937 1774 incertis,
949 1725 1029 1778 eoque

241 1781 422 1837 difficilioribus
433 1782 559 1848 remediis,
572 1782 652 1838 donec
664 1783 781 1854 precibus
793 1782 864 1839 ducis
876 1783 986 1855 mitigati
998 1784 1029 1839 ub

231 1858 340 1914 'excidio
357 1860 467 1914 civitatis
479 1864 659 1931 temperavere.
696 1860 769 1916 Caesa
780 1863 865 1916 tamen
877 1860 908 1916 ad
921 1865 1053 1932 quatucr2

241 1936 465 1992 milliahcminum.
495 1937 573 2008 Isque
581 1942 664 1992 terror
674 1937 766 1993 Galliae
774 1937 873 2002 invasit,
881 1938 1030 1994 utvenienti

241 2031 302 2068 mcx
310 2014 404 2086 agmini
410 2013 534 2069 univerae
541 2014 658 2069 civitates
666 2033 724 2069 cum
734 2014 925 2086 magistratibus
939 2019 965 2070 et
973 2033 1030 2088 pre-

241 2090 314 2146 cibue
322 2091 583 2157 occurrerent,etratia
592 2091 807 2162 perriaefeminis
814 2093 956 2163 puerisque,
965 2111 1031 2164 que-

243 2187 293 2240 que
310 2169 359 2224 ulie
373 2168 531 2240 placamenta
545 2169 645 2224 hostilis
660 2170 713 2235 irre,
732 2187 784 2225 non
801 2170 902 2242 quidam
918 2171 943 2225 in
965 2170 1030 2226 bello

240 2246 288 2302 ced
298 2264 345 2317 pro
356 2263 425 2318 pace,
433 2246 611 2301 tendebantur.
648 2247 777 2302 Nuntium
787 2246 819 2302 de
827 2247 895 2303 cede
908 2247 994 2304 Galbae
1004 2254 1030 2304 et
1040 2248 1079 2302 64

241 2323 349 2394 imperio
364 2323 477 2378 Othonis
495 2323 590 2378 Fabius
610 2323 706 2379 Valens
723 2324 871 2380 incivitate
889 2325 1032 2382 Leucorum

242 2401 347 2471 accepit.
383 2400 439 2456 Nec
446 2401 555 2455 militnm
564 2404 664 2456 animus
676 2401 704 2456 in
713 2401 833 2472 gaudium
844 2407 890 2458 aut
899 2403 1056 2464 formidinc2

241 2482 389 2548 permotus:
407 2477 501 2533 beilum
512 2477 637 2533 volvebat.
675 2477 753 2534 Gallis
765 2481 894 2535 cunctatio
907 2487 1031 2552 exempta,

242 2559 270 2610 et
292 2555 320 2609 in
342 2555 470 2610 Othonem
494 2573 524 2610 ac
541 2555 675 2610 Vitellium
698 2556 782 2612 odium
806 2575 859 2629 per,
880 2577 911 2614 ex
929 2559 1033 2615 Vitellio

242 2636 270 2687 et
287 2636 379 2687 metue.
414 2632 535 2687 Proxime
551 2633 697 2704 Lingcnmn
715 2635 804 2690 civitae
822 2639 884 2701 eret,
906 2635 956 2691 fidu
978 2645 1057 2708 par-8

242 2708 320 2764 trhue.
356 2709 471 2782 Benigne
479 2711 580 2781 excepti
589 2709 855 2768 modestiecertevere.
893 2711 1033 2769 Sedbrevia

242 2785 332 2841 letitia
342 2786 393 2842 fuit
404 2787 548 2842 cohortium
559 2787 716 2858 intemperie,
732 2808 794 2860 quus
807 2807 821 2844 a
833 2789 931 2860 legione
944 2796 1035 2861 quarte

243 2862 347 2930 decime,
359 2867 390 2919 ut
402 2882 480 2936 cupra
490 2864 690 2932 memoravimus,
704 2865 830 2938 digresses
846 2867 969 2921 exercitui
987 2884 1034 2920 suo

243 2939 338 2995 Fabius
349 2940 444 2997 Veiens
459 2941 615 3013 adjunxerat.
652 2943 743 3014 Jurgie
762 2942 878 3014 primum,
900 2960 959 2997 mcx
979 2941 1058 3000 rixae

242 3016 311 3074 iuter
326 3017 439 3075 Batavos
456 3023 483 3074 et
500 3018 660 3090 legionarios,
680 3019 741 3074 dam
764 3019 804 3074 hie
820 3023 865 3072 aut
882 3017 932 3073 illia
950 3015 1035 3072 studio
