2575 3592
188 462 210 500 A
224 461 244 500 D
261 460 303 510 ⁰²]
355 397 608 447 mascnlinum
627 401 647 449 Ι.
665 403 768 452 32-88.
939 403 970 452 21

188 529 261 564 mum
284 508 361 576 subit,
384 510 502 580 quotiens
525 511 643 566 recordor
666 511 768 567 feralem
791 511 923 568 hrtroitnm
947 515 974 568 et

188 587 257 641 hanc
273 586 351 640 solam
370 586 455 642 Galbae
472 587 611 654 victoriam,
629 607 688 644 cum
704 589 732 646 in
749 589 828 645 oeulis
845 589 915 645 urbis
933 589 975 645 de·

187 663 278 718 aimari
298 662 396 750 deditos
414 663 523 752 juberet,
542 684 605 735 qnos
621 665 785 738 deprecantes
801 667 828 722 in
844 665 974 755 fidemno-

188 740 517 888 atttsptffitll?
529 741 1000 876 llltllttltttttllt⁶

188 894 303 948 Cornelii
314 893 431 948 Marcelli
443 894 470 948 in
481 894 614 966 Hispania,
626 897 704 952 Betui
717 897 829 954 Chilonis
841 897 868 952 in
887 897 974 965 Gallia,

188 969 293 1026 Fonteii
305 970 435 1042 Capitonis
447 971 474 1025 in
486 971 628 1038 Germania,
642 973 724 1028 Clodii
735 973 818 1029 Macri
836 973 863 1028 in
881 974 975 1042 Africa,

190 1047 310 1118 Cingonii
338 1047 366 1102 in
389 1047 437 1109 via,
462 1047 604 1118 Turpiliani
626 1050 654 1104 in
676 1050 746 1116 urbe,
771 1050 918 1122 Nymphidii
948 1051 976 1106 in

189 1125 301 1180 castris?
338 1125 400 1189 Quae
411 1143 517 1196 nsquam
529 1126 665 1196 provincia,
679 1147 734 1198 quae
746 1133 829 1183 castra
846 1136 914 1192 sunt,
926 1127 1000 1192 nisi7

190 1206 298 1256 cruenta
309 1203 336 1255 et
348 1201 480 1266 maculata,
493 1208 538 1255 aut
549 1207 580 1256 ut
591 1203 646 1274 ipse
660 1203 787 1276 praedicat,
801 1204 932 1261 emendata
949 1209 976 1258 et

190 1279 326 1332 correcta?
344 1295 402 1331 nam
415 1296 471 1348 qua
482 1277 525 1332 alii
537 1279 638 1345 scelera,
651 1281 693 1336 hic
705 1281 815 1336 remedia
826 1287 907 1348 vocat,
915 1280 976 1336 dum

190 1355 263 1410 falsis
277 1353 420 1409 nominibus
436 1355 597 1410 severitatem
613 1375 660 1428 pro
678 1357 782 1424 saevitia,
800 1358 977 1429 parsimoniam

190 1449 240 1503 pro
260 1430 371 1496 avaritia,
390 1431 514 1502 supplicia
529 1437 556 1486 et
572 1435 737 1490 contumelias
754 1440 850 1490 vestras
870 1434 976 1506 discipli·

190 1526 251 1563 nam
269 1507 385 1578 appellat.
421 1508 524 1577 Septem
536 1527 552 1562 a
563 1509 673 1565 Nemnis
691 1512 740 1566 fine
754 1529 853 1567 menses
868 1516 1000 1576 suntote

188 1585 512 1733 llmdffllddalssill
526 1587 864 1722 qmrlstissdsltlilid
875 1589 1000 1730 ttltt

191 1745 322 1810 grassatus
334 1743 402 1793 esset
413 1739 442 1794 T.
455 1739 555 1805 Vinius,
574 1741 597 1796 si
613 1741 668 1812 ipse
685 1743 849 1814 imperasset:
868 1761 935 1799 nunc
952 1746 979 1798 et

192 1815 319 1886 subjectos
331 1834 377 1870 nos
392 1814 480 1870 habuit
495 1820 616 1888 tanquam
631 1838 699 1888 snos,
711 1825 737 1875 et
750 1820 811 1875 viles
828 1825 857 1875 ut
876 1819 977 1875 alienos.

193 1892 256 1946 Una
266 1892 309 1946 illa
321 1892 410 1946 domas
422 1892 514 1947 sufficit
533 1894 659 1965 donativo,
677 1897 746 1968 quod
764 1896 834 1952 vobis
850 1901 1017 1969 nunqnaml⁰

201 1968 277 2024 datur
295 1973 322 2023 et
341 1969 453 2040 qnotidie
473 1971 647 2042 exprobratur.
683 1976 730 2038 Ac,
742 1993 774 2029 nc
786 1992 836 2046 qua
847 1974 936 2030 saltem
952 1973 1024 2029 inas

195 2064 340 2102 successore
353 2045 439 2102 Galbae
454 2065 512 2117 spes
529 2055 606 2114 esset,
625 2051 731 2106 accersit
750 2051 781 2106 ab
799 2051 887 2106 exsilio
904 2069 979 2120 quem

193 2122 300 2177 tristitia
311 2127 338 2177 et
350 2123 455 2177 avaritia
466 2124 507 2178 sui
519 2124 672 2182 simillimum
687 2127 824 2198 judicabat.
861 2127 1001 2194 Vidistis,2

192 2199 384 2266 commilitones,
397 2200 502 2256 notabili
513 2207 666 2274 tempestate
677 2205 753 2260 etiam
767 2204 826 2259 deos
842 2204 979 2259 infaustam

193 2275 355 2347 adoptionem
379 2282 532 2333 aversantes.
573 2279 644 2336 Idem
669 2286 778 2346 senatus,
803 2279 870 2336 idem
893 2281 1001 2352 populis

193 2353 303 2407 Romani
315 2354 413 2408 animus
431 2358 478 2411 est.
514 2355 609 2412 Vestra
625 2358 708 2412 virtus
726 2361 894 2430 exspectatur,
912 2358 980 2429 apud

194 2447 258 2501 quos
281 2448 356 2484 omne
380 2430 494 2486 honestis
518 2433 628 2489 consiliis
652 2433 737 2500 robur,
763 2439 789 2490 et
810 2435 864 2490 sine
888 2435 980 2507 quibus

194 2507 310 2577 quamvis
322 2508 544 2579 egregiainvalida
555 2515 623 2565 sunt.
658 2511 720 2566 Non
731 2511 762 2567 ad
774 2511 867 2568 bellum
879 2531 924 2567 vos
934 2528 1004 2574 neca

194 2582 227 2636 ad
247 2583 387 2654 periculum
410 2602 488 2639 voco:
507 2586 620 2640 omnium
637 2588 746 2642 militum
764 2607 834 2644 arma
850 2589 979 2644 nobiscum

195 2663 264 2713 sunt.
299 2659 357 2715 Ne'o
374 2679 426 2715 nna
443 2661 533 2716 cohors
551 2666 640 2734 togata
657 2663 770 2720 defendit
784 2684 852 2721 nunc
868 2665 1004 2731 Galbama

195 2735 241 2790 sed
259 2733 364 2792 detinet.
401 2736 530 2794 (iamvos
550 2741 683 2810 aspexerit,
702 2759 760 2796 cum
778 2743 877 2813 signum
899 2760 983 2795 meum

196 2811 330 2883 acceperit,
343 2813 392 2868 hoc
403 2813 485 2868 solnm
497 2815 546 2869 erit
557 2821 693 2882 certamen,
707 2817 763 2888 quis
775 2818 837 2872 mihi
847 2816 981 2887 plurimum

145 2955 153 2962 ι
196 2888 315 2960 imputet.
350 2889 445 2946 Nullus
462 2892 630 2948 mactationis
648 2893 718 2948 locus
736 2897 775 2948 est
792 2893 820 2947 in
835 2911 865 2948 eo
880 2891 1006 2950 consilioa

199 2965 267 3040 quod
289 2983 341 3022 non
363 2971 449 3039 potest
472 2967 570 3024 laudari
596 2970 647 3025 nisi
675 2969 831 3040 peractum.''
878 2966 984 3036 Aperira
