2575 3592
190 501 255 540 m
272 501 316 552 m
379 440 632 490 ursnournnun
649 443 670 490 1.
688 443 791 489 ar-ae.
947 441 983 489 19.

188 551 284 606 ceteris
303 551 443 618 ridebatur,
468 557 602 624 antequam
622 555 747 608 cresceret
765 551 874 608 invalida
894 550 975 606 adhue

189 629 332 698 oonjmatio
351 647 495 700 paucorum.
530 630 723 701 'l‘repidaturum
744 630 820 684 etiam
841 629 973 694 Othonem,
982 637 1004 684 h·

189 706 237 776 qui
256 705 345 760 furtim
367 707 504 779 digressus,
523 707 554 762 ad
577 709 679 780 ignaros
701 707 794 772 illatus,
816 707 976 762 cunctatione

188 801 260 838 nune
279 787 307 838 et
325 785 434 856 segnitia
451 786 588 840 terentium
606 789 707 856 tempus
725 783 819 838 imitari
839 784 976 854 principem

188 859 282 914 discut.
316 861 377 916 Non
384 862 587 932 exspectandum,
598 868 629 916 nt
641 861 788 932 compositis
796 861 885 916 eastris
893 861 999 928 forumwt

188 937 294 992 invadat
305 948 332 992 et
343 943 520 1009 prospectante
541 939 622 994 Galba
642 939 794 1010 Capitolium
816 938 897 1005 odeat,
917 937 980 992 dum.

188 1016 309 1086 egregins
320 1015 458 1086 huperutor
469 1035 526 1071 omn
538 1015 648 1071 fortibus
660 1016 746 1070 amicis
757 1016 834 1087 janua
848 1033 878 1070 ac
892 1015 977 1069 limine
1021 1032 1025 1044 ¹

187 1091 470 1148 tcnnsdomnmcludit.
505 1093 669 1148 Obsidionem
678 1093 794 1147 minirum
807 1092 1001 1147 toleraturos:4

189 1172 219 1224 et
237 1169 385 1238 praclarum
405 1169 433 1224 in
452 1170 532 1226 serris
554 1170 683 1236 auxilinm,
702 1170 724 1224 si
744 1188 880 1224 consensus
899 1172 980 1224 tautae

189 1245 370 1310 multitudinis,
386 1251 421 1312 et,
439 1266 495 1318 quae
510 1247 647 1319 plurimum
659 1247 734 1312 valet,
753 1246 980 1318 prima-indignatio

190 1323 362 1394 elangumcat.
397 1323 508 1380 Proinde
519 1325 605 1380 intuta
616 1343 672 1396 quse
683 1324 808 1380 indecora
843 1323 894 1378 Vel
905 1323 927 1378 si
938 1335 999 1382 cer-5

189 1400 252 1454 dere
272 1417 374 1455 necesse
396 1401 438 1466 sit,
458 1402 640 1457 occurrendum
661 1401 814 1456 discrimini:
838 1399 865 1455 id
883 1401 979 1456 Othoni

188 1476 339 1533 invidiosius
351 1482 377 1533 et
392 1479 454 1549 ipsis
465 1479 606 1534 honestum.
642 1479 838 1550 Repugnantem
855 1477 913 1532 huie
925 1481 1001 1532 sen-6

188 1554 280 1610 tentiae
294 1554 395 1609 Vinium
407 1557 478 1611 Laco
490 1556 622 1612 minaciter
636 1557 737 1621 invasit,
751 1555 897 1610 stimulante
909 1555 979 1610 Icelo

188 1631 781 1704 privatiodiipertinaciainpnblicumexitium.
818 1633 875 1688 Nee
884 1631 979 1686 diutius
987 1627 1025 1682 34

191 1707 274 1763 Galba
285 1713 418 1764 cunctatus
430 1710 582 1781 speciosiora
589 1709 753 1765 suadentibus
763 1709 876 1766 accessit.
914 1711 979 1764 Pra-

189 1786 285 1841 missus
296 1790 382 1842 tamen
393 1787 421 1842 in
432 1791 516 1842 eastra
530 1787 591 1842 Piso
602 1791 633 1842 ut
643 1787 744 1858 juvenis
761 1804 853 1859 magno
870 1786 1002 1852 nominet

190 1863 289 1918 recenti
300 1863 395 1929 favore,
404 1867 430 1918 et
438 1863 553 1919 infensus
565 1864 624 1918 Tito
636 1864 720 1930 Vinio,
731 1883 777 1918 seu
789 1864 849 1935 quia
859 1867 922 1927 erut,
934 1882 981 1918 seu

191 1939 255 2010 quia
275 1940 333 1995 irati
351 1941 389 1995 ita
405 1940 541 2004 rolehant3
568 1944 595 1995 et
612 1941 710 1996 facilins
728 1941 760 1996 de
777 1939 835 1996 odio
860 1940 979 1995 creditur.

190 2016 306 2072 Vixdum
329 2036 432 2089 egresso
451 2018 545 2073 Pisone
565 2019 675 2074 ocenum
693 2019 720 2074 in
739 2018 829 2074 castris
854 2018 981 2073 Othonem

190 2115 274 2168 vagus
290 2097 406 2167 primum,
424 2101 452 2152 et
466 2097 578 2152 incertus
590 2115 692 2152 rumor:
714 2115 780 2164 mox,
793 2101 824 2152 ut
839 2096 867 2152 in
882 2096 981 2168 magnis

190 2172 336 2238 mendaciis,
349 2173 496 2228 interfuisse
507 2192 535 2228 se
546 2173 649 2244 quidam
665 2177 691 2230 et
708 2174 801 2230 vidisse
818 2173 980 2238 affirmabant,

190 2250 297 2306 credula
318 2251 386 2305 lama
407 2251 475 2306 inter
498 2250 638 2322 gaudentes
662 2255 688 2307 et
712 2253 859 2307 incuriosos.
902 2251 1003 2306 Multis

191 2327 382 2383 arbitrabantur
398 2329 565 2399 compositum
582 2332 735 2400 auctumque
752 2346 878 2384 rumorem
895 2329 982 2383 mixtis

187 2398 243 2471 jem
261 2398 419 2463 Othonianis,
434 2398 479 2470 qni
499 2397 532 2452 ad
550 2399 704 2453 evoeondnm
721 2399 825 2454 Galbam
842 2399 903 2454 laeta
919 2399 982 2455 salso

190 2475 360 2546 vulgaverint.
395 2472 460 2530 Tum
472 2493 533 2530 vero
544 2493 596 2529 non
601 2475 710 2546 populus
717 2479 818 2532 tantum
830 2479 856 2531 et
867 2475 1027 2548 imperitans

190 2552 265 2622 plebs
275 2553 303 2606 in
314 2551 417 2622 plausus
430 2556 457 2606 et
467 2551 601 2606 immodica
614 2552 707 2618 studia,
722 2553 766 2608 sed
783 2553 897 2624 equitum
909 2553 984 2624 pleri-

191 2647 243 2699 que
255 2647 284 2683 ao
296 2634 448 2694 senatorum,
461 2629 546 2700 posito
561 2633 633 2684 metu
648 2629 751 2696 incauti,
764 2631 880 2686 refractis
892 2629 985 2685 Palatii

190 2705 291 2761 loribus
308 2725 382 2761 ruere
396 2707 467 2761 intus
485 2724 515 2760 ao
532 2725 560 2760 se
578 2707 665 2762 Galba
682 2712 818 2773 ostentare,
834 2711 984 2779 praereptam

191 2781 243 2838 sibi
250 2781 371 2837 ultionem
379 2787 521 2854 querentes.
546 2783 728 2854 Ignavissimus
738 2784 852 2855 quisque,
863 2787 898 2849 et,
905 2787 934 2841 ut
943 2786 1006 2838 res2

193 2861 291 2925 docuit,
307 2861 335 2915 in
352 2861 463 2932 periculo
481 2879 533 2915 non
552 2879 668 2928 ausurus,
690 2862 761 2916 nimii
782 2861 872 2928 verbis,
892 2861 985 2930 lingum

193 2939 308 3002 ferocem
326 2956 400 2992 nemo
417 2937 490 3003 scire,
509 2943 536 2992 et
552 2956 639 2993 omnes
657 2937 786 3002 affirmare,
804 2937 884 2992 donec
901 2935 986 3004 inopia

194 3015 305 3082 veriet
328 3031 455 3071 consensu
478 3015 617 3070 errantium
640 3014 733 3080 motin,
758 3017 860 3084 sumpto
883 3011 992 3067 thorace
