2575 3592
1123 300 1136 417 l

294 513 327 569 ad
344 532 442 569 summa
459 513 555 569 militie
572 518 728 582 provectum.
764 514 876 570 Facilius
894 465 1029 571 uuiiells'ocs'
1039 468 1088 571 in?-
1136 455 1137 523 l

250 594 287 655 76
294 592 354 663 pelli
376 607 452 663 quam
469 592 583 663 singulos
606 592 689 646 vitari.
726 592 777 647 His
798 591 934 665 pavoribus
954 598 1089 648 nutantem

294 674 321 725 et
344 669 387 725 alii
410 669 489 741 legati
507 670 630 741 amicique
651 669 792 734 firmabunt,
815 673 841 723 et
865 670 1008 738 Mucianus,
1029 676 1089 741 post
1138 698 1139 711 1

293 746 388 802 multos
397 751 557 818 secretosque
567 765 694 801 sermones
703 747 756 818 jam
765 751 792 801 et
801 764 885 801 coram
893 746 1036 803 itelocutus
1046 771 1091 801 2-

272 824 313 871 ²“
324 825 419 879 Omnes
431 824 477 895 qui
488 842 636 896 magnarum
648 842 733 879 rerum
742 823 847 878 consilia
858 823 1007 894 suscipiunt,
1020 825 1091 879 aesti-

294 920 363 957 mare
382 900 476 957 debent
492 920 525 956 an
540 901 608 973 quod
625 901 760 957 inchoatur
776 900 919 971 reipublicae
937 900 1007 966 utile,
1025 901 1089 972 ipsis

294 978 440 1051 gloriosum,
454 982 499 1033 aut
510 983 658 1051 promptum
669 978 769 1043 effectu,
783 984 828 1033 aut
840 982 909 1033 certe
920 995 971 1033 non
982 977 1091 1034 arduum

295 1056 338 1111 sit.
368 1055 449 1110 Simul
459 1055 515 1127 ipse
526 1057 571 1127 qui
582 1055 673 1111 suadet
685 1054 881 1111 considerandus
893 1058 940 1121 est,
954 1054 1091 1125 adJ'iciatne

265 1153 268 1158 ·
294 1132 399 1189 oonsilio
411 1133 550 1204 periculum
567 1152 650 1199 suum,
668 1136 701 1201 et,
714 1132 737 1187 si
753 1132 857 1189 fortuna
874 1132 962 1203 emptis
978 1132 1089 1199 affuerit,

272 1210 337 1269 acui
355 1229 482 1265 summum
501 1210 578 1266 decus
597 1210 752 1282 acquiratur,
788 1210 845 1281 Ego
865 1214 900 1275 tc,
920 1210 1085 1280 Vespasiane,

295 1288 328 1343 ad
344 1288 477 1359 imperium
492 1306 564 1353 voco,
581 1292 635 1343 tam
654 1286 763 1343 salutare
779 1286 929 1358 reipublice,
948 1305 1023 1357 quam
1041 1287 1091 1343 tibi

294 1366 463 1437 magnificum.
498 1366 581 1420 Juxta
603 1363 664 1419 deos
687 1364 715 1419 in
738 1368 784 1419 tua
804 1382 881 1419 manu
904 1366 1015 1445 positum
1039 1372 1090 1420 est.

295 1442 352 1498 Nec
364 1444 472 1515 speciem
484 1442 610 1498 adulantis
626 1442 767 1512 expaveris.
785 1443 811 1496 A
822 1442 974 1497 contumelia
985 1460 1062 1513 quarn
1074 1462 1093 1497 a

272 1519 368 1579 suade
379 1521 484 1592 propius
501 1520 579 1575 fuerit
597 1523 657 1590 post
675 1516 809 1574 Vitellium
821 1519 889 1591 eligi.
926 1519 988 1575 Non
999 1518 1094 1575 adver-

295 1616 339 1653 sus
362 1597 415 1653 divi
437 1598 551 1669 Augusti
579 1596 727 1652 acerrimam
750 1600 868 1662 mentem,
893 1614 940 1652 nec
967 1596 1092 1653 adversus

295 1675 467 1730 cautissimam
486 1674 582 1729 'liberii
605 1678 771 1742 senectutem,
791 1692 823 1728 ne
846 1678 935 1729 eontra
955 1673 1012 1729 Caii
1036 1677 1093 1745 qui·

296 1751 361 1816 dem,
386 1756 432 1807 aut
453 1751 561 1817 Claudii,
585 1751 627 1806 vel
650 1751 769 1816 Neronis,
791 1750 923 1806 fundatam
945 1751 1022 1824 longo
1044 1752 1095 1808 im-

295 1830 366 1900 perio
382 1828 485 1884 domum
502 1829 670 1901 exsurgimus.
707 1828 813 1883 Gessisti
830 1828 905 1883 ctiam
923 1829 1008 1884 Galbae
1026 1829 1096 1885 ima-

272 1906 404 1978 5ginibus.
439 1906 550 1978 'lorpere
579 1906 655 1971 ultra,
683 1909 709 1961 et
738 1905 898 1977 polluendam
923 1906 1096 1977 perdendam-

296 2002 346 2055 que
363 1983 541 2055 rempublicam
560 1984 710 2055 relinquere,
733 2000 809 2052 sopor
828 1987 854 2037 et
873 1983 973 2054 gnavis
991 1983 1097 2039 videre-

296 2067 347 2127 tur,
365 2061 442 2116 ctiam
462 2061 485 2116 si
501 2060 557 2127 tibi,
577 2079 653 2132 quam
670 2060 810 2125 inhonesta,
829 2063 883 2115 tarn
900 2064 958 2115 tuta
978 2062 1096 2117 servitus

273 2143 372 2201 cesset.
420 2138 492 2194 Abiit
512 2139 566 2209 jam
589 2146 616 2193 et
639 2140 813 2192 transvectum
840 2140 880 2191 est
903 2141 1012 2209 tempus,
1039 2158 1096 2210 quo

296 2236 382 2289 posses
405 2216 486 2273 videri
509 2215 674 2287 concupisset
704 2213 899 2285 confugiendum
923 2220 963 2269 est
986 2216 1018 2270 ud
1044 2217 1097 2270 im-

294 2295 400 2363 perium.
447 2296 491 2349 An
519 2293 613 2349 excidit
642 2290 786 2346 tmcidatus
817 2290 949 2347 Corbulo?
978 2293 1098 2363 splendi-

295 2371 350 2426 dior
370 2372 467 2443 origine
490 2390 566 2443 quam
590 2387 636 2424 nos
658 2386 753 2434 sumus,
774 2367 870 2424 fateor:
901 2368 947 2423 sed
969 2374 996 2424 et
1017 2370 1097 2425 Nero

274 2448 426 2513 7uobilitate
437 2449 559 2504 natalium
570 2446 704 2502 Vitellium
716 2445 836 2500 anteibat.
873 2446 941 2501 Satis
953 2446 1037 2502 clarus
1051 2452 1097 2503 est

295 2524 363 2595 apud
374 2526 506 2581 timentem
517 2524 631 2597 quisquis
642 2524 756 2578 timetur.
792 2522 828 2577 ut
840 2541 914 2594 posse
930 2524 961 2579 ab
973 2525 1097 2581 exercitu

294 2602 433 2671 principem
456 2603 510 2657 fieri
533 2602 582 2657 sibi
606 2602 661 2671 ipse
684 2599 803 2654 Vitellius
827 2599 985 2666 documento,
1009 2601 1096 2657 nullis

295 2679 435 2749 stipendiis,
453 2680 525 2734 nulla
540 2679 644 2733 militari
663 2678 739 2742 suma,
759 2676 844 2732 Galbae
864 2678 922 2733 odio
943 2686 1095 2750 provectus.

273 2756 338 2809 8Ne
355 2756 483 2810 Othonem
499 2755 601 2826 quidem
618 2755 689 2809 ducis
707 2757 762 2808 arta
776 2758 821 2807 aut
839 2755 965 2810 exercitus
985 2757 1019 2820 vi,
1045 2758 1096 2812 sed

296 2850 454 2903 prepropera
473 2833 553 2903 ipsius
572 2830 746 2902 dcsperatione
765 2831 870 2894 victum,
889 2832 942 2902 jam
961 2832 1095 2888 desidera-

296 2906 371 2961 bilem
382 2913 409 2963 et
426 2927 546 2980 magnum
561 2908 699 2978 principem
715 2906 853 2971 faciteam
870 2907 971 2963 interim
986 2911 1094 2981 spargit

295 2982 415 3054 legiones,
426 2989 542 3040 exarmat
560 2984 685 3047 cohortes,
698 2999 765 3037 noua
776 2982 888 3053 quotidie
905 2984 970 3041 bello
988 2988 1094 3047 semina

296 404 327 450 92
630 404 750 452 Tscffl
