2575 3592
220 459 246 498 Δ,
256 459 276 498 D
291 457 333 508 m
408 394 661 444 HISTORIARUM
679 392 715 442 Il.
734 395 835 442 40-44.
978 397 1008 448 '1¹5

218 507 311 564 iecere
346 504 411 561 mm
428 506 544 562 incubuit
560 506 674 562 hostium
698 505 771 571 acies,
790 505 897 578 integris
917 506 1031 564 ordini-t

208 584 275 650 ,bus
294 583 384 639 robore
402 587 429 638 et
446 602 551 638 numero
569 583 745 654 prestantior:
765 583 911 650 Othoniani,
930 603 1009 656 quau·

218 680 295 732 quam
310 661 426 732 dispersi,
442 661 581 732 pauciores,
597 660 665 726 sessi,
684 660 797 732 prelium
814 664 901 715 tamen
916 662 1010 716 acriter

217 757 355 810 sumpsere.
381 738 426 792 'Et
438 757 485 808 per
494 738 563 793 locos
581 737 712 792 arboribus
729 755 758 794 ac
775 737 856 792 vineis
873 737 1031 810 irnpeditos4

216 836 270 872 non
287 835 339 872 una
355 835 448 888 pugnae
464 812 558 871 facies:
578 816 718 871 comminus
734 816 840 881 eminus,
856 817 963 872 catervis
981 822 1008 873 et

215 894 306 950 cuneis
329 893 518 949 concurrebant.
567 893 600 948 Iu
624 909 717 965 aggere
739 893 787 949 vire
810 893 903 949 collato
926 894 1008 966 gradu

215 970 364 1042 corporibus
383 975 410 1026 et
430 969 582 1026 umbonibus
602 970 657 1034 niti,
682 970 775 1026 omisso
798 970 907 1042 pilorum
927 972 1007 1042 jactu,

214 1048 307 1119 gladiis
318 1052 345 1102 et
356 1047 487 1102 securibus
501 1047 585 1119 galeas
601 1047 741 1117 loricasque
755 1065 932 1119 perrumpere:
951 1067 1008 1104 nos·

214 1129 303 1181 centes
324 1126 391 1180 inter
408 1143 444 1190 se,
463 1125 562 1179 caeteris
585 1124 722 1195 conspicui,
738 1125 766 1178 in
784 1129 903 1180 eventum
926 1125 1007 1182 totius

214 1202 276 1257 belli
294 1201 433 1258 certabant.
476 1201 554 1256 Forte
572 1201 640 1256 inter
656 1200 754 1256 Padum
770 1201 893 1272 viamque,
909 1203 1051 1273 patentidss

214 1297 313 1349 campo,
327 1278 382 1334 dure
393 1279 505 1350 legiones
518 1297 660 1350 congressae
672 1282 739 1344 sunt,
753 1295 799 1349 pro
817 1279 921 1334 Vitellio
934 1284 1007 1336 nnet-

213 1356 342 1419 vicesima,
355 1355 397 1416 cui
408 1374 549 1427 cognomen
566 1356 671 1425 Rapaci,
684 1359 770 1410 vetere
785 1354 866 1426 gloria
883 1356 1005 1428 insignis;

214 1439 324 1505 aparte
342 1434 451 1488 Othonis
475 1434 556 1506 prima
578 1433 708 1503 Adiutrix,
726 1451 778 1488 non
796 1439 855 1488 anto
876 1433 903 1488 in
927 1435 1007 1491 aciem

214 1511 333 1576 deducta,
357 1510 402 1566 sed
425 1511 497 1566 ferox
519 1515 547 1566 et
569 1511 630 1565 novi
650 1511 747 1566 decoris
768 1510 848 1566 avida.
885 1511 1028 1580 Primoula

212 1588 304 1644 stratis
315 1589 583 1644 unetvicesimanomm
597 1588 733 1659 principiis,
743 1589 849 1660 aquilam
864 1588 1005 1656 abstulere;

212 1684 266 1737 quo
290 1665 376 1720 dolore
392 1683 498 1720 accensa
514 1664 581 1736 legio
597 1669 625 1719 et
641 1665 743 1736 impulit
761 1684 849 1720 rursus
868 1666 1004 1736 primanos,

210 1742 350 1798 interfecto
373 1742 469 1798 Orfidio
493 1742 610 1814 Benigno
633 1741 727 1814 legato,
750 1746 777 1798 et
801 1743 909 1814 plurima
932 1743 1006 1815 signa

210 1819 355 1890 vexillaque
372 1837 405 1873 ex
421 1818 537 1873 hostibus
555 1819 648 1889 rapuit.
685 1820 709 1872 A
729 1823 801 1890 parte
817 1819 866 1874 alia
885 1820 1026 1891 propulsat

211 1897 394 1968 quintanorum
411 1897 507 1966 impetu
526 1896 603 1950 tertia
619 1895 716 1951 decima
736 1895 819 1968 legio;
838 1897 1005 1952 circumventi

211 1973 325 2044 plurium
340 1991 446 2027 accursu
462 1972 683 2043 quartadecimani.
719 1972 755 2027 Et
772 1972 878 2028 ducibus
894 1974 1004 2028 Othonis

185 2080 190 2087 ·
207 2051 264 2121 jam
282 2049 378 2120 pridem
394 2049 517 2120 profugis,
535 2049 636 2104 Caecina
650 2068 680 2104 ac
697 2049 790 2105 Valens
807 2050 925 2106 subsidiis
943 2068 1004 2104 suos

209 2127 354 2182 firmabant.
397 2126 513 2181 Accessit
530 2145 617 2182 recens
638 2126 768 2193 auxilium,
784 2127 870 2182 Varus
886 2127 1027 2183 Alfeninst

210 2222 273 2260 eum
294 2204 406 2270 Batavis
426 2206 484 2258 fusa
504 2203 672 2275 gladiatorum
696 2222 780 2262 manu.
803 2223 877 2275 quam
896 2203 1002 2259 navibus

191 2285 382 2362 ‚trpnsvectam
394 2281 516 2351 oppositae
525 2281 642 2336 cobortes
660 2279 688 2334 in
703 2280 759 2350 ipso
777 2281 880 2335 flumine
892 2280 1002 2336 trucida·

209 2361 309 2413 verant.
345 2356 389 2412 Ita
399 2358 508 2412 victores
525 2356 592 2412 latus
604 2357 717 2412 hostium
735 2356 836 2412 invecti.
872 2358 908 2412 Et
921 2358 1047 2422 mcdia44

209 2435 266 2490 acie
288 2440 410 2505 perrupta
437 2435 527 2506 ingere
554 2435 648 2504 passim
678 2433 824 2499 Othoniani,
849 2434 1001 2492 Bedriacum

208 2516 335 2583 petentes.
371 2512 527 2567 Immensum
550 2510 578 2566 id
601 2511 729 2582 spatium
754 2511 892 2568 obstructae
915 2517 1001 2584 strage

210 2608 344 2661 corporum
355 2590 411 2646 viae.
447 2591 507 2650 Quo
519 2590 576 2662 plus
588 2589 664 2645 cedis
676 2589 743 2644 fuit:
762 2609 845 2662 neque
861 2592 926 2646 enim
941 2592 1001 2648 civi·

210 2666 277 2722 libus
299 2667 372 2724 bellis
395 2667 464 2738 capti
486 2667 514 2722 in
536 2666 647 2738 predam
672 2672 814 2724 vertuntur.
864 2669 1022 2730 Suetonium

210 2743 333 2798 Paulinus
351 2748 378 2799 et
395 2745 510 2800 Licinius
528 2744 653 2800 Proculus
672 2744 776 2800 diversis
794 2745 927 2800 itineribus
946 2763 1001 2800 cas-

211 2833 257 2877 tra
271 2820 391 2877 vitavere.
427 2821 538 2876 Vedium
558 2821 685 2893 Aquilam,
702 2822 784 2878 tertia
803 2820 905 2876 decimae
922 2821 1001 2892 legio-

208 2897 251 2952 nis
270 2897 390 2970 legatum,
413 2898 458 2954 ira
477 2898 587 2953 militum
609 2898 771 2954 inconsultus
795 2915 874 2967 pavor
897 2896 998 2951 obtulit.

208 2973 296 3030 Multo
313 2975 395 3056 adhuc
413 2975 454 3031 dio
477 2975 570 3032 vallum
587 2976 718 3047 ingressus
735 2975 844 3032 clamore
867 2971 999 3026 seditioso-
