2575 3592
221 446 250 483 A.
261 440 336 490 1³⁷⁰]
392 377 643 429 HISTORIARUM
661 376 705 425 IV.
724 379 828 426 40-42.
967 379 1012 426 lae

220 492 335 557 turbant,
355 494 475 563 tanquam
494 490 591 547 Neroni
611 488 754 545 Scribonios
770 487 862 543 fratres
880 486 1014 543 concordia

218 569 362 641 opibusque
388 569 499 641 insignes
524 568 556 623 ad
580 568 686 624 exitium
709 565 908 621 monstravisset.
944 564 1036 621 Afri-4

219 664 299 702 oenus
315 664 397 717 neque
414 646 486 701 soteri
504 644 611 700 audebat
627 662 709 715 neque
725 642 835 698 abnuere
850 645 965 713 poterat:
985 642 1014 697 in

219 722 327 779 Vibium
348 723 474 794 Crispum,
496 723 568 793 eujus
588 719 828 793 interrogationibus
848 718 1012 791 fatigabatur,

218 800 290 857 ultro
315 817 461 865 conversus,
488 797 614 855 miscendo
642 817 699 869 quae
723 797 856 853 defendere
882 796 1011 869 nequibat,

218 878 343 935 societate
355 877 435 949 eulpae
446 876 565 932 invidiam
577 875 719 931 declinarit.

255 955 377 1027 Magnam
390 972 421 1010 eo
433 954 473 1009 die
485 954 586 1025 pietatis
598 952 797 1024 eloquent'mque
805 952 898 1007 famam
909 951 1012 1023 Vipsta
1019 950 1058 1005 42

217 1050 269 1089 nus
294 1031 407 1087 Messala
432 1030 539 1102 adeptus
564 1034 611 1095 est,
638 1028 750 1084 nondum
776 1029 903 1085 senatoria
928 1032 1011 1095 etate,

218 1128 299 1165 ausus
314 1127 360 1180 pro
378 1108 457 1163 fratre
474 1108 576 1179 Aquilio
593 1106 695 1178 Regulo
712 1106 847 1177 deprecari.
883 1106 1013 1177 Regulum

216 1186 343 1243 subversa
355 1186 502 1241 crassorum
518 1190 544 1239 et
556 1184 632 1239 Orfiti
644 1183 733 1238 domus
744 1183 772 1237 in
786 1202 911 1237 summum
926 1182 1013 1238 odium

218 1263 355 1319 extulerat.
391 1263 486 1334 Sponte
497 1262 541 1333 [ex
554 1261 615 1331 se]
632 1261 819 1316 recusationem
833 1258 931 1315 subisse
940 1260 1035 1332 juve-2

219 1341 262 1395 nis
277 1339 417 1405 admodum,
432 1358 480 1395 nec
496 1338 636 1411 depellendi
652 1336 764 1410 periculi,
781 1336 826 1391 sed
841 1337 868 1392 iu
882 1355 953 1407 spem
968 1355 1013 1408 po-

219 1417 311 1473 tentiae
321 1416 460 1473 videbatur.
495 1417 531 1471 ut
544 1415 655 1487 Sulpicia
665 1415 828 1481 Praetextata,
840 1413 928 1469 Crassi
938 1432 1011 1479 uxor,

221 1498 381 1565 quatuorque
396 1494 476 1560 liberi,
493 1494 515 1549 si
535 1495 699 1566 cognosceret
718 1492 835 1557 Senatus,
851 1491 947 1545 ultores
968 1489 1013 1544 ad-

221 1574 304 1627 erant.
339 1572 424 1643 Igitur
439 1570 551 1626 Messala
565 1589 616 1625 non
634 1588 743 1639 eausam,
755 1587 837 1639 neque
854 1586 926 1624 reum
937 1568 1036 1635 tuerit

220 1648 268 1705 sed
282 1648 399 1719 perieulis
413 1648 500 1703 fratris
515 1650 594 1702 semet
608 1665 745 1718 opponens,
760 1646 867 1701 flexerat
882 1644 1011 1716 quosdam.

220 1726 340 1783 Occurrit
360 1726 427 1783 truci
447 1725 559 1781 oratione
580 1724 686 1779 Curtius
709 1723 856 1788 Montanus,
878 1739 908 1777 eo
931 1739 1013 1793 usque

218 1822 377 1875 progressus,
394 1806 433 1867 ut,
452 1806 510 1874 post
528 1802 621 1857 eedem
640 1800 734 1867 Gelbae,
752 1799 838 1856 datam
855 1799 1014 1856 interfectori

219 1881 323 1935 Pisonis
340 1880 473 1951 pecuniam
497 1898 513 1934 a
529 1878 638 1951 Regulo,
658 1878 849 1949 appetitumque
867 1895 954 1933 mersu
971 1877 1013 1931 Pi-

219 1958 289 2013 sonis
307 1961 393 2029 capnt,
409 1956 556 2029 objectaret.
593 1956 679 2011 “Hoc
697 1956 792 2021 eerte,'’
808 1955 900 2027 inquit,
917 1952 1038 2008 “ueros

218 2052 273 2093 non
290 2036 385 2107 eoe'git,
404 2052 451 2090 nec
470 2034 630 2106 dignitatem,
651 2036 696 2087 aut
715 2032 831 2097 salutem,
850 2031 894 2087 illa
916 2030 1025 2089 sevitia.

220 2110 358 2167 redemisti.
394 2111 460 2167 Sane
484 2110 621 2168 toleremus
646 2110 754 2165 istorum
779 2109 943 2174 defensiones,
969 2107 1013 2178 qui

220 2186 326 2259 perdere
350 2188 419 2255 alios,
445 2206 520 2260 quam
546 2187 684 2259 periclitari
708 2186 764 2257 ipsi,
788 2186 941 2241 maluerunt.
976 2184 1013 2239 'l'e

220 2282 339 2321 securum
357 2265 494 2337 reliquerat
511 2265 585 2321 exsul
602 2268 682 2337 pater,
701 2271 728 2318 et
748 2262 828 2318 divisa
847 2263 914 2318 inter
933 2260 1013 2317 eredi-

218 2346 291 2399 toree
309 2342 381 2408 bona,
399 2342 512 2399 nondum
529 2343 654 2397 bonorum
673 2358 753 2411 capax
769 2346 846 2396 etas:
864 2339 928 2395 nibil
945 2338 1012 2411 quod

218 2424 291 2475 exte
304 2420 492 2492 eoueupiseeret
504 2420 582 2485 Nero,
595 2418 659 2474 nihil
670 2417 738 2489 quod
749 2418 859 2473 timeret.
894 2416 1036 2473 Libitinae

218 2494 351 2569 sanguinis
363 2500 389 2553 et
401 2498 472 2553 biatu
485 2497 642 2569 premiorum
655 2496 771 2567 ignotum
783 2494 864 2550 adbuc
875 2494 1013 2568 ingenium,

219 2577 247 2629 et
262 2574 338 2630 nullis
355 2573 543 2631 defensionibm
556 2578 699 2645 expertum,
713 2572 780 2629 cede
795 2572 874 2629 nobili
890 2572 1012 2629 imbuisti.

221 2650 287 2707 (tum
301 2669 334 2707 ex
347 2651 436 2707 funere
453 2651 609 2723 Reipublicae
624 2650 706 2721 raptis
720 2649 900 2706 Consularibus
917 2649 1011 2720 spoliis,

221 2728 366 2801 septuagies
381 2730 500 2785 sestertio
515 2729 645 2801 saginatus
657 2731 684 2783 et
696 2727 836 2784 sacerdotio
850 2728 958 2800 fulgens,
973 2724 1012 2779 in·

218 2806 311 2861 noxios
322 2824 421 2877 pueros,
434 2806 546 2863 illustres
558 2824 638 2873 senes,
648 2805 796 2877 conspicuas
808 2806 914 2860 feminas
926 2801 1013 2857 eadem

218 2882 295 2939 ruina
311 2888 499 2955 prosterneres:
518 2902 575 2939 eum
597 2882 731 2954 segnitiam
749 2882 859 2938 Neronis
876 2880 1013 2946 incusares,

217 2959 288 3033 quod
304 2980 350 3034 per
365 2960 478 3034 singulas
494 2960 582 3017 domos
599 2978 677 3031 seque
693 2964 720 3016 et
736 2960 860 3016 delatores
877 2955 1013 3027 fatigaret:
