2575 3592
274 429 289 475 6
606 427 726 476 ΤΑΟΙΤῙ

902 486 935 534 [Α.
947 485 973 524 U.
983 485 1004 524 c
1014 485 1058 526 822

250 538 354 593 ofilius:
372 539 399 593 rd
411 539 473 593 satis
484 539 623 594 videbatur
660 539 693 592 ln
708 537 766 592 Brit
754 536 856 592 tsnnioo
872 535 1059 590 exercitaribil

272 616 381 671 barum:
399 635 451 671 non
473 635 533 672 sane
557 617 611 672 alise
634 617 746 688 legiones
769 633 814 687 per
837 631 924 668 omncs
947 612 1058 668 civilium

272 692 394 747 bellorum
411 698 464 748 mot
466 713 497 748 us
514 694 673 748 innocentius
691 712 724 764 eg
708 695 806 757 trerunt,
825 709 871 745 seu
894 690 954 760 quia
970 689 1058 760 procul

272 774 299 823 et
322 771 424 825 Oceano
447 771 540 835 divisae,
566 790 612 825 seu
635 770 729 825 crebris
753 768 855 840 expedit
844 766 955 822 tionibus
976 767 1058 822 docta

247 847 371 901 4hostem
395 848 480 918 potius
503 848 594 902 odisse.
631 847 708 912 Quies
732 850 759 901 et
780 844 890 916 Illyrico,
913 861 1057 915 quanquam

271 925 361 979 excitae
378 943 393 978 a
410 925 514 988 Nerone
531 925 650 996 legiones,
670 923 731 977 dum
748 923 775 977 in
798 922 874 976 Italia
897 925 1056 988 cunctantur,

247 1001 419 1072 oVerginium
438 1001 607 1072 legationibus
631 1000 752 1054 adissent.
790 998 840 1054 Sed
862 999 944 1069 longis
968 997 1057 1068 spatiis

271 1076 373 1132 discreti
385 1079 518 1143 exercitus,
532 1078 599 1148 quod
617 1077 807 1132 saluberrimum
825 1079 864 1130 est
881 1075 913 1129 ad
928 1075 1057 1130 continen-

270 1153 327 1208 dam
340 1155 472 1209 militarem
484 1155 566 1222 fidem,
578 1174 625 1210 nec
636 1155 705 1209 vitiis
714 1173 761 1208 nec
772 1153 868 1208 viribus
877 1151 1056 1208 miscebantur.
1153 1153 1154 1172 ³

227 1231 361 1286 lOOriens
379 1232 462 1286 adhuc
479 1233 606 1287 immotus.
644 1233 742 1303 Syriam
762 1234 788 1284 et
813 1235 921 1300 quatuor
943 1229 1055 1300 legiones
1144 1227 1154 1292 l

269 1308 399 1363 obtinebat
414 1309 529 1364 Licinius
543 1311 687 1374 Mucianus,
706 1309 745 1362 vir
761 1307 877 1361 secundis
893 1305 1056 1376 adversisque
1153 1329 1154 1334 ¹

245 1386 340 1456 ajuxta
357 1387 477 1441 famosus,
513 1387 630 1458 insignes
655 1385 778 1439 amicitias
800 1383 900 1454 juvenis
923 1382 1055 1438 ambitioso

268 1463 379 1517 coluerat
389 1486 397 1529 ;
415 1482 474 1517 mox
492 1465 586 1517 attritis
604 1463 701 1534 opibus,
720 1461 816 1516 lubrico
834 1465 911 1525 statu,
937 1465 1055 1531 suspecta
1153 1487 1154 1508 ÷

268 1540 344 1593 etiam
363 1540 462 1594 Claudii
478 1540 614 1605 iracundia,
639 1541 666 1594 in
690 1547 815 1594 secretum
838 1539 908 1592 Asia
927 1539 1054 1608 repositus
1153 1559 1154 1604 3

267 1620 320 1670 tam
343 1635 422 1688 pmpe
445 1617 477 1671 ab
501 1617 574 1671 exule
604 1617 655 1671 fuit
679 1635 754 1689 qnam
782 1619 872 1685 postea
895 1633 910 1668 a
933 1614 1053 1686 principe.
1150 1623 1154 1684 j

244 1693 388 1758 3Luxuria,
407 1694 540 1758 industria,
559 1695 685 1759 comitate,
705 1692 856 1764 arrogantia,
875 1691 946 1746 malis
970 1692 1054 1747 bonis
1153 1695 1154 1750 j

267 1789 315 1840 que
330 1771 427 1825 artibus
443 1773 547 1826 mixtus.
583 1772 677 1827 Nimiae
693 1771 843 1840 voluptates,
859 1787 917 1824 oum
933 1774 1052 1825 vacaret:
1153 1773 1154 1818 i

241 1848 383 1917 lqaotiens
396 1848 548 1918 expedierat,
561 1867 660 1920 magna
671 1849 788 1902 virtutes.
824 1847 911 1902 Palam
920 1846 1051 1902 laudares:

265 1929 363 1978 secreta
384 1925 448 1980 malo
472 1925 617 1980 audiebant.
660 1924 710 1979 Sed
734 1923 801 1995 apud
824 1923 959 1994 subjectos,
984 1924 1052 1994 apud
1153 1933 1154 1988 Ξ

263 2002 399 2071 proximos
412 2002 480 2072 apud
492 2001 600 2074 collegas
612 2002 688 2056 variis
705 2001 827 2056 illecebris
844 2006 936 2070 potens
944 2023 952 2066 3
971 2006 997 2055 11
1009 2002 1052 2056 cui
1153 2013 1154 2020 ’

240 2077 955 2150 111111111111111111111111111111111111111111.
991 2077 1053 2132 Bel-

260 2156 312 2210 lum
329 2157 461 2212 Judaicnm
479 2158 581 2212 Flavius
600 2157 771 2228 Vespasianus
788 2156 888 2226 (ducem
906 2174 964 2210 eum
979 2157 1049 2210 Nero

239 2233 409 2305 6delegerat,)
422 2234 506 2289 tribus
520 2235 662 2307 legionibus
679 2233 879 2288 administrabat.
915 2234 972 2288 Neo
983 2233 1050 2287 Ves-

260 2311 364 2380 pasiano
381 2311 502 2366 adversus
521 2312 626 2367 Galbam
644 2316 733 2366 votum
752 2315 798 2364 aut
821 2311 936 2365 animus:
956 2310 1050 2381 quippe

260 2389 303 2443 'Pit
292 2393 346 2443 tam
358 2389 438 2443 filium
454 2389 487 2443 ad
501 2390 691 2444 venerationem
707 2388 761 2442 cult
749 2393 855 2459 tumque
867 2389 922 2459 ejus
935 2389 1047 2453 miserat,

238 2471 290 2525 rur
313 2484 360 2520 suo
382 2467 438 2520 loco
458 2467 660 2522 memorabimus
697 2466 805 2520 Occulta
824 2465 870 2519 fat
836 2469 872 2519 atr
892 2469 919 2520 et
940 2466 1050 2521 ostentis

259 2562 289 2597 ac
300 2543 427 2613 responsis
440 2542 551 2597 destinat
539 2548 595 2598 tum
607 2544 765 2614 Vespasiano
782 2543 957 2612 liberisque'
935 2561 990 2613 sJus
1002 2543 1049 2596 im·

215 2619 358 2690 llperium
374 2624 434 2690 post
451 2621 579 2674 fortunam
597 2620 757 2674 credidimus.
794 2620 891 2690 AEgypt
892 2637 935 2672 um
953 2619 1048 2688 copias-

259 2716 316 2767 que,
341 2697 433 2766 qurbus
456 2701 622 2760 coerceretur,
645 2698 699 2766 jam
722 2695 782 2750 inde
806 2714 821 2748 a
844 2695 902 2749 divo
928 2697 1048 2766 Angusto

259 2773 358 2843 equites
382 2774 492 2827 Romani
515 2772 633 2827 obtinent
653 2772 708 2826 loco
726 2789 831 2842 regum:
850 2772 888 2825 ita
904 2772 986 2826 visum
1004 2791 1048 2826 ex-

238 2850 353 2920 .pcdi1e,
372 2850 526 2920 provinciam
544 2849 616 2903 aditu
632 2848 764 2913 difficilem,
783 2867 887 2902 annona
903 2848 1046 2912 fecundam,

258 2927 437 2997 superstitione.
448 2945 478 2982 ao
489 2926 592 2982 lascivia
607 2925 748 2980 discordem
765 2931 792 2979 ct
804 2925 929 2993 mobilem,
941 2927 1046 2980 insciam

235 3002 350 3076 alegum,
361 3005 474 3076 ignaram
483 3004 687 3076 magistratuum,
699 3002 767 3058 domi
775 3003 892 3059 retinere.
929 3003 1047 3076 Regebat
