2575 3592
296 382 344 429 254
500 377 618 427 rAclTI
637 377 749 427 GERM.
760 380 798 436 45,
809 379 847 425 46.

295 509 347 546 non
358 489 433 546 rnodo
446 489 589 545 abbertste
605 489 651 544 sed
662 489 766 544 etiams
781 489 904 544 servitute
919 485 1083 557 degenerant.

295 570 348 624 Hic
360 569 458 623 Suesia
469 568 533 622 finis.

248 655 287 709 46
330 646 499 702 Peucinorum
522 644 728 713 Venetornmque
751 645 778 698 et
802 643 945 697 Fennorum
967 640 1086 694 nationes

296 723 427 778 Germanis
439 741 472 776 an
483 721 604 776 &umetis
615 721 738 776 ascribam
752 719 848 785 dubito,
862 735 1005 790 quanquam
1021 718 1088 772 Pen-

298 800 356 865 cini,
377 818 441 870 quos
464 797 565 868 quidam
585 798 724 853 Bastarnas
742 802 841 861 vocant,
863 813 986 856 sermone,
1005 795 1087 860 cultu,

296 876 356 932 sede
382 894 411 931 ac
437 873 569 930 domiciliis
592 879 622 929 nt
649 875 767 930 Germani
791 878 878 946 agunt.
914 871 1008 927 Sordes
1035 891 1089 927 cm-

295 954 367 1008 nium
387 970 416 1007 ac
432 956 536 1022 torpor:
563 969 695 1022 procerum
716 951 846 1007 manubiis
867 949 954 1004 mixtis
971 949 1092 1004 nonnihil

271 1029 323 1086 lin
338 1030 508 1084 Sarmatarum
520 1026 635 1083 habitum
647 1028 780 1083 fundantur.
816 1027 910 1082 Veneti
925 1026 1037 1081 multum
1056 1046 1091 1082 ex

295 1105 407 1161 moribus
417 1109 568 1160 traxerunt:
587 1124 648 1160 nam
660 1105 779 1177 quicquid
790 1105 858 1160 inter
872 1105 1004 1158 Peucinos
1022 1104 1090 1160 Fen-

296 1200 392 1255 nosque
412 1182 531 1238 silvarum
547 1200 576 1237 ac
594 1183 719 1237 montium
740 1183 853 1254 erigitur,
869 1181 1011 1236 latrociniis
1031 1201 1090 1254 per-

295 1264 389 1316 errant.
431 1259 469 1315 Hi
484 1264 569 1314 tamen
584 1258 652 1314 inter
668 1260 805 1315 Germanos
825 1259 909 1330 potius
930 1258 1089 1324 reseruntur,

295 1337 355 1408 quia
366 1340 393 1392 et
404 1336 491 1391 domos
503 1337 585 1407 figunt
596 1340 624 1391 et
635 1341 708 1391 scuta
720 1340 821 1408 gestant
833 1340 859 1390 et
868 1334 985 1407 peditum
996 1355 1048 1392 usu
1061 1356 1090 1392 ae

295 1414 445 1485 pernicitate
460 1412 589 1484 gaudent3
607 1414 760 1484 quaomnia
775 1413 873 1468 diversa
889 1413 1015 1468 Sarmatis
1026 1423 1090 1468 sunt

272 1491 324 1547 tin
341 1491 455 1562 plaustro
476 1507 590 1561 equoque
607 1490 757 1545 viventibus.
793 1490 886 1545 Fennis
906 1490 972 1544 mim
989 1490 1089 1556 feritas,

296 1567 364 1622 faeda
382 1570 533 1638 paupertas:
550 1584 601 1620 non
624 1584 700 1630 arma¹
725 1585 776 1622 non
798 1567 863 1638 equi,
887 1585 940 1621 non
962 1575 1090 1639 penates3

295 1645 376 1700 victui
398 1644 483 1709 herba,
504 1644 609 1699 vestitui
631 1645 716 1715 pelles,
738 1645 820 1700 cubile
843 1645 942 1699 humus.
981 1645 1044 1701 Sola
1064 1647 1090 1701 in

296 1721 397 1792 sagittis
406 1739 472 1791 spes,
482 1739 552 1791 quas,
562 1721 647 1792 inopia
655 1722 722 1787 ferri,
732 1721 831 1778 ossibus
839 1726 965 1792 asperant.
1003 1723 1090 1778 Idem·

296 1816 346 1867 que
357 1803 463 1852 venatus
475 1798 542 1852 viros
559 1798 653 1868 pariter
668 1817 698 1854 ac
713 1799 817 1853 feminas
833 1798 892 1852 alit:
910 1799 1008 1868 passim
1021 1802 1089 1854 enim

271 1873 456 1940 acomitantnr,
468 1878 615 1945 partemque
627 1875 717 1945 prada
726 1880 824 1946 petunt.
860 1874 916 1929 Nec
928 1874 999 1930 aliud
1007 1876 1090 1931 infan-

297 1949 366 2005 tibus
377 1949 488 2004 ierarum
500 1949 668 2022 imbriumque
677 1952 822 2023 suffugium,
835 1969 910 2023 quam
922 1956 952 2006 nt
961 1951 991 2007 in
1002 1953 1089 2025 aliquo

296 2031 688 2098 ramornmnexucontegantur.
726 2030 787 2083 Huc
795 2027 903 2083 redeunt
908 2028 1027 2100 juvenes,
1041 2031 1089 2085 hcc
1135 2017 1136 2096 l

297 2125 384 2162 senum
405 2105 598 2178 receptaculum.
635 2106 686 2162 Sed
707 2107 807 2162 beatius
830 2105 988 2162 arbitrantur
1011 2127 1089 2181 qnam
1135 2121 1136 2179 q

263 2178 266 2184 ’
297 2184 424 2256 ingemere
436 2182 511 2254 agris,
524 2182 656 2238 illaborare
668 2183 790 2248 domibus,
804 2201 862 2238 suas
874 2184 1022 2256 abenasque
1039 2187 1090 2241 ior-

273 2267 373 2316 6tunas
385 2279 430 2332 spe
443 2264 563 2331 metuque
574 2278 682 2315 versare.
720 2261 807 2316 Securi
824 2261 944 2316 adversus
960 2262 1087 2328 homines,

298 2337 381 2391 securi
391 2336 512 2391 adversus
523 2335 591 2402 deos,
604 2355 656 2391 rem
669 2336 836 2392 difficillimam
850 2338 962 2393 assecuti
973 2346 1047 2406 sunt,
1060 2347 1088 2395 nt

297 2412 347 2466 illis
358 2431 391 2466 ne
401 2418 462 2467 voto
478 2412 579 2484 quidem
590 2431 654 2484 opus
668 2418 743 2470 esset.
780 2416 876 2469 Oaetsra
883 2417 936 2484 jam
952 2415 1089 2473 fabulosa:

298 2487 428 2543 Hellusios
443 2493 470 2543 et
484 2489 596 2544 Oxionas
611 2507 657 2544 ora
673 2490 802 2545 hominum
818 2491 963 2562 vultusque,
981 2511 1089 2567 corpora

299 2569 375 2634 atque
382 2569 453 2618 artus
462 2565 571 2619 ferarum
581 2584 670 2636 gerere
680 2587 688 2634 ς
707 2566 774 2639 quod
783 2585 839 2637 ego,
851 2571 881 2622 ut
889 2567 1087 2641 incompertum,

299 2638 327 2693 in
338 2637 448 2692 medium
459 2639 606 2712 relinquam.
