2575 3592
309 371 356 421 128
641 373 762 421 Taum

939 432 1010 484 [au.
1018 434 1042 475 c.
1053 434 1100 475 aaa
1133 461 1134 497 ,

262 487 301 541 88
341 484 413 541 Nota
435 502 482 556 per
508 501 553 539 sos
576 483 631 540 dics
654 485 726 540 Junii
749 484 826 540 Blaesi
854 501 922 539 mors
939 436 979 539 [et
1002 484 1102 539 famosa

284 561 374 627 accim
398 560 431 617 de
454 580 505 633 qus
526 562 564 617 sie
587 563 736 635 accepimus.
774 562 852 617 Gravi
875 561 989 649 corporis
1009 562 1102 616 morbo

306 658 374 710 aeger
390 639 519 704 Vitellius,
536 639 680 695 Servilianis
702 639 790 702 hortis,
808 638 901 693 turrim
920 638 1005 693 vicino
1022 638 1102 692 sitam
1134 649 1135 661 ¹

307 718 431 773 collucere
454 735 501 787 per
527 722 629 772 noctem
655 717 750 773 crebris
777 716 914 771 luminibus
943 716 1103 771 animadver-

307 795 349 849 tit.
386 793 531 849 Sciscitnnti
550 812 660 859 causam,
680 794 746 865 apud
764 794 890 849 Caecinam
909 794 1021 849 Tuscum
1039 812 1103 864 epu-

308 870 356 927 lari
375 870 477 934 multos,
497 871 652 942 precipuum
670 871 765 926 honore
781 872 798 924 J
800 872 888 925 unium
905 870 1018 925 Blaesum
1035 888 1104 925 nnu-

286 948 397 1007 stiatur.
433 948 534 1002 Caetera
551 948 579 1002 in
598 951 688 1017 majus,
709 948 741 1003 de
765 954 889 1019 apparatu
909 953 936 1002 et
961 946 1054 1002 solutis
1075 948 1104 1002 in

308 1023 436 1079 lasciviam
460 1024 557 1079 animis.
605 1024 662 1079 Nec
686 1024 790 1081 defuere
814 1025 858 1096 qui
880 1025 964 1095 ipsum
988 1024 1104 1080 Tarscum

309 1106 336 1156 et
359 1101 428 1166 alios,
450 1100 496 1156 sed
519 1101 678 1157 criminosius
702 1102 821 1168 Blesum,
846 1102 998 1166 incusarent,
1024 1101 1103 1173 quod,

285 1196 379 1250 4aegrn
407 1177 527 1249 principe,
551 1178 623 1233 letos
653 1178 707 1233 dies
734 1183 831 1251 ageret.
879 1178 933 1234 Ubi
957 1184 1105 1249 asperatum

309 1254 450 1320 Vitellium,
480 1261 508 1309 et
537 1273 612 1325 posse
638 1255 751 1309 Blesum
780 1256 900 1324 perverti,
925 1254 987 1309 satis
1017 1256 1105 1325 patuit

309 1332 341 1388 iis
361 1332 406 1403 qui
429 1331 571 1403 principum
593 1332 704 1387 offensas
725 1333 817 1388 acriter
840 1332 1011 1404 speculantur,
1038 1331 1105 1387 datae

309 1412 342 1467 Is.
365 1410 471 1466 Vitellio
498 1409 631 1465 delationis
655 1414 749 1481 partes.
798 1410 856 1477 Ille,
879 1411 996 1465 infensus
1019 1410 1106 1465 Blaeso

310 1488 468 1544 emulatione
491 1504 576 1558 prava,
602 1487 671 1558 quod
694 1506 760 1554 eum,
783 1489 853 1543 omui
876 1488 998 1543 dedecore
1018 1506 1107 1542 macu-

309 1566 400 1633 losum,
417 1564 520 1637 egregia
542 1564 610 1617 fama
633 1564 753 1631 anteibat,
774 1564 916 1621 cubiculum
941 1564 1105 1635 imperatoris

310 1646 414 1708 reserat,
435 1642 515 1696 lilium
538 1641 594 1711 ejus
614 1641 673 1696 sinu
694 1641 840 1713 complexus
861 1646 888 1697 et
913 1640 1022 1714 genibus
1045 1642 1109 1696 acci-

289 1720 381 1780 cdens.
418 1719 527 1774 Causam
550 1717 704 1773 confusionis
729 1720 860 1791 quaerenti,
880 1736 932 1775 non
952 1737 981 1773 sc
1001 1720 1111 1790 proprio

313 1802 384 1853 metu
399 1814 446 1851 nec
457 1798 498 1850 sui
509 1796 620 1861 mnium,
633 1795 679 1849 sed
695 1815 742 1867 pro
754 1796 840 1862 fratre,
853 1814 900 1867 pro
916 1795 1002 1850 liberis
1018 1796 1112 1851 fratris

313 1892 401 1946 preces
423 1872 588 1943 lacrimasque
612 1873 737 1928 attulisse.
787 1873 896 1928 Frustra
918 1873 1111 1944 Vespasianum

313 1950 406 2015 timeri,
427 1968 502 2020 quem
525 1952 566 2003 tot
590 1949 746 2005 Germanica
766 1950 885 2022 legiones,
906 1954 946 2004 tot
969 1950 1114 2021 provinciae

313 2028 410 2083 virtute
437 2044 467 2081 ac
489 2025 673 2091 ildebertum
696 2027 804 2098 denique
828 2032 953 2082 terramus
977 2044 1007 2081 ac
1033 2028 1113 2083 maris

293 2103 443 2165 aimmensis
462 2102 551 2173 spatiis
569 2108 662 2159 arceat.
707 2104 741 2159 In
759 2104 822 2160 urbo
843 2122 873 2160 ao
893 2104 951 2159 sinu
966 2104 1115 2159 carendum

314 2186 422 2263 hostem,
446 2184 538 2239 Junios
562 2186 738 2257 Antoniosque
762 2205 822 2241 avos
843 2187 991 2257 jactantem,
1013 2188 1063 2257 qui
1088 2206 1115 2242 se

315 2264 395 2335 stirpe
423 2262 591 2333 imperatoris,
615 2280 713 2317 comem
743 2282 773 2319 ac
798 2262 958 2336 magnificum
984 2262 1115 2319 militibus

315 2344 436 2395 ostentet
471 2338 566 2394 Versus
583 2337 643 2393 illuc
655 2341 767 2395 omnium
785 2348 890 2406 mantes,
904 2340 966 2394 dum
977 2338 1114 2406 Vitellius,

316 2418 453 2472 amicorum
482 2415 691 2487 inimicorumque
720 2418 865 2489 neglegens,
888 2418 957 2472 fovet
988 2419 1116 2473 aemulum

296 2494 437 2565 7pm'ncipis
454 2492 554 2547 labores
575 2510 590 2547 e
608 2494 723 2549 convivio
742 2498 955 2565 prospectantem.
991 2494 1116 2549 Redden-

318 2570 378 2625 dum
400 2587 447 2641 pro
470 2569 649 2638 intempestiva
671 2571 761 2626 loetitia
788 2576 902 2627 maestam
926 2574 952 2625 et
976 2571 1117 2627 funebrem

319 2650 428 2712 noctem,
440 2664 491 2715 qua
502 2646 565 2699 sciat
584 2650 610 2699 et
628 2649 722 2702 sentiat
739 2649 824 2703 visere
840 2648 967 2703 Vitellium
986 2652 1014 2702 et
1034 2649 1117 2720 impe

276 2725 431 2791 39rare,et,
444 2720 605 2850 siqnidtiato
617 2724 722 2788 accidat,
735 2724 926 2779 filinmhabere.
961 2724 1118 2795 Trepidanti

320 2800 388 2853 inter
405 2796 487 2853 scelus
498 2800 652 2867 metumque,
666 2818 698 2855 ne
716 2801 777 2856 dilat
778 2802 881 2856 aBlaesi
898 2818 966 2855 mors
982 2807 1117 2857 maturam

321 2876 465 2945 perniciem,
477 2872 640 2959 pnlsmjussa
652 2882 763 2932 atrocem
774 2878 895 2933 invidiam
911 2878 991 2933 ferret
992 2878 1117 2949 ‚placuit

299 2959 417 3007 tacueno
428 2948 547 3023 grassari.
583 2950 689 3007 Addidit
701 2954 805 3011 facinori
821 2955 896 3013 fidem
913 2952 992 3009 nobili
1008 2956 1117 3027 gando,
