2575 3592
446 412 639 460 GERMANIA
657 412 759 459 43-45.
941 413 987 458 253

206 540 255 595 quo
274 522 342 598 cingi
360 522 477 594 cludique
499 527 624 579 terrarum
645 521 732 578 orbem
751 521 811 578 hinc
830 520 900 588 fides,
922 521 989 593 quod

205 605 331 655 extremus
343 600 455 656 cadentis
463 603 517 670 jam
529 601 588 655 solia
604 599 689 672 fulgor
699 599 726 654 in
737 603 809 654 ortus
825 598 915 654 eduum
927 599 989 654 adeo

205 677 293 742 clarus,
311 683 340 731 ut
362 677 445 732 sidera
460 676 583 743 hebetet3
606 696 697 732 sonum
713 677 817 747 insuper
834 675 922 742 audiri,
940 675 988 730 ior-

204 772 306 824 masque
318 753 422 810 deorum
431 758 457 808 et
468 752 551 808 radios
563 754 652 824 capitis
664 753 742 824 aspici
754 753 883 824 persuasio
895 751 987 824 adjicit.

204 830 269 886 Illuc
286 849 373 901 usque,
390 834 418 885 et
434 829 502 884 fama
517 848 584 896 veru,
600 834 701 885 tantum
717 835 817 886 natura.
851 829 921 902 Ergo
936 829 1012 900 jamu

204 907 293 962 dextro
305 907 405 962 Suevici
415 906 491 961 maris
502 906 576 962 litore
587 907 729 962 AEstiorum
740 911 829 978 gentes
844 906 988 972 sileantur,

204 983 294 1056 quibus
312 984 378 1039 ritus
394 982 546 1054 habitusque
566 984 714 1049 Succorum,
733 983 820 1054 lingua
837 983 989 1040 Britannicae

203 1062 312 1133 propior.
349 1062 460 1116 Matrem
473 1063 547 1116 deum
558 1065 718 1116 venerantur.
754 1061 857 1132 Insigne
869 1063 1013 1132 superati-a

203 1139 286 1203 tionis,
306 1137 400 1192 formas
421 1154 539 1208 aprorum
558 1141 678 1208 gestant:
701 1136 728 1192 id
749 1155 795 1208 pro
815 1138 890 1194 armis
910 1138 990 1192 omni·

204 1233 295 1287 nmque
307 1213 389 1268 tutela
402 1231 519 1270 securum
531 1211 584 1269 dea
596 1213 719 1268 cultorem
732 1213 808 1268 etiam
820 1213 886 1269 inter
902 1215 989 1270 hostes

203 1297 316 1364 praestat.
351 1291 436 1345 Ranus
458 1289 527 1355 ferri,
551 1292 669 1362 frequens
692 1291 799 1346 fustium
822 1309 891 1346 usus.
926 1292 1015 1346 Bru-4

203 1375 290 1424 menta
309 1371 463 1438 ceterosque
479 1367 578 1422 fructus
599 1367 738 1438 patientius
756 1386 830 1440 quam
851 1385 896 1438 pro
917 1368 991 1422 solitu

204 1447 385 1500 Germanorum
396 1443 488 1500 inertie
497 1443 620 1500 laborant,
657 1443 746 1498 Sedet
758 1461 828 1498 mare
837 1448 989 1509 scrutantur,

203 1541 233 1578 ac
252 1521 300 1578 soli
319 1521 431 1576 omnium
455 1521 592 1588 succinum,
613 1519 682 1592 qnod
701 1520 751 1591 ipsi
770 1520 869 1592 glesum
891 1525 989 1586 vomuit,

203 1599 270 1656 inter
281 1596 347 1653 vada
357 1602 434 1669 atquc
445 1597 473 1653 in
483 1597 539 1669 ipso
549 1597 625 1652 litore
633 1597 731 1666 legunt.
767 1597 823 1654 Nec
833 1616 889 1668 quae
901 1603 1014 1656 naturae

203 1694 290 1748 queve
299 1675 364 1731 ratio
372 1675 469 1747 gignat,
477 1679 508 1729 ut
519 1674 639 1739 barbaris,
650 1674 784 1744 quesitum
796 1678 990 1746 compertumve.

202 1753 256 1810 Diu
268 1751 407 1824 quinetiam
420 1751 487 1806 inter
502 1754 594 1806 catere
608 1754 777 1821 ejectamenta
791 1751 866 1807 maris
881 1751 989 1823 jacebat,
1004 1797 1006 1801 Α

203 1831 283 1887 donec
294 1831 395 1886 luxuria
406 1836 494 1886 nostra
504 1829 574 1886 dedit
589 1847 689 1886 nomen.
725 1831 792 1902 Ipsis
804 1831 832 1886 in
842 1831 912 1886 nullo
923 1851 990 1887 usu:

201 1909 265 1965 rude
285 1909 387 1980 legitur,
409 1907 515 1963 informe
534 1907 669 1979 perfertur,
690 1907 849 1982 pretiumque
870 1908 990 1968 cenantes

202 1987 337 2056 accipiunt.
373 1986 482 2040 Sucaum
492 1989 578 2040 tamen
589 1983 707 2040 arborum
718 2003 776 2042 esse
785 1985 919 2056 intelligas,
932 1986 1015 2057 quiue

203 2066 304 2118 terrena
316 2061 429 2133 quaedam
446 2065 522 2132 atque
533 2061 611 2117 etiam
625 2061 737 2116 volucria
754 2061 870 2118 animalia
884 2061 991 2132 plerum·

204 2158 253 2211 que
264 2139 426 2204 interlucent,
438 2157 494 2210 quae
506 2138 635 2209 implicata
647 2139 759 2203 humore,
772 2156 832 2194 mox
843 2137 991 2194 durescente

203 2215 479 2280 manducarentur.
514 2213 673 2270 Fecundiora
691 2213 771 2284 igitur
790 2231 894 2268 nemora
909 2213 1015 2272 lucos-7

203 2311 262 2364 que,
279 2292 344 2347 aaut
360 2292 473 2348 Orientis
493 2290 605 2356 secretis,
621 2289 667 2346 ubi
680 2290 757 2345 thura
775 2289 935 2362 balsamoque
951 2309 992 2346 su·

203 2369 305 2434 dantur,
326 2369 364 2424 ita
382 2367 528 2424 Occidentis
550 2365 640 2423 insulis
664 2367 789 2438 terrisque
808 2365 891 2422 inesse
914 2367 991 2424 credi·

203 2445 284 2501 derim
292 2467 301 2511 ;
319 2464 375 2516 qnae
385 2444 462 2500 vicim
477 2443 537 2499 solis
548 2442 625 2498 radiis
641 2461 761 2514 expressa
776 2447 853 2513 atquc
868 2442 992 2516 liquentia

202 2523 230 2579 in
253 2521 395 2594 proximum
417 2539 487 2577 mare
509 2519 637 2586 labuntur,
662 2537 691 2576 ac
713 2521 740 2576 vi
762 2523 942 2592 tempestatum
964 2523 992 2576 in

202 2599 402 2655 adversantem
419 2597 555 2654 exundant.
592 2596 620 2651 Si
639 2600 756 2652 naturam
774 2597 870 2654 succini
890 2598 1017 2654 admotos

201 2676 263 2748 igne
283 2680 376 2741 tentes,
392 2676 419 2730 in
435 2673 538 2729 modum
552 2672 625 2728 taedm
640 2673 793 2740 accenditur,
810 2674 905 2746 alitque
920 2675 991 2730 flam·

201 2753 401 2887 qqqmtequliqguem
416 2756 443 2807 et
454 2751 563 2808 olentem
570 2772 579 2818 ;
596 2769 656 2805 mox
671 2750 740 2806 utin
755 2751 837 2824 picem
851 2751 991 2808 resinamve

240 2906 376 2962 Suionibus
389 2907 505 2963 Sitonum
515 2908 605 2978 gentes
621 2905 809 2962 continuantur.
845 2903 944 2960 catera
959 2903 1017 2961 sit

202 2983 277 3042 miles
289 3001 341 3040 uno
354 2983 484 3052 differunt,
496 2982 563 3058 qnod
574 2983 667 3039 femina
678 2982 835 3039 dominatur:
852 2979 880 3036 in
891 2983 991 3037 tantum
