2575 3592
191 498 213 535 A
232 495 253 534 D
268 495 311 544 m
393 431 643 480 HISTORIARUM
660 433 696 480 11.
716 434 800 484 7—11.
953 438 984 486 ot

189 545 288 599 animis
304 561 449 599 reversuros
462 544 632 600 firmaverunt.
669 543 718 600 Sed
737 545 874 615 Asprenati
894 548 1009 602 mneos

190 641 228 676 ex
245 621 297 675 fide
311 622 447 687 nuntiato;
470 622 543 693 cujus
561 622 736 676 cohortatione
753 631 899 694 expugnatu
913 624 984 678 navis

192 703 221 753 et
229 698 382 753 interfectus
393 699 561 770 quisquisille
573 704 635 772 erat.
672 699 779 770 Corpus,
793 700 892 772 insigne
904 701 1008 758 oculist

192 793 318 846 comaque
325 780 352 830 et
360 775 482 831 torvitate
490 776 584 842 vultus,
593 776 716 832 indsiam
726 783 801 848 etque
810 777 868 833 inde
877 778 984 834 Romam

191 858 343 924 pervectum
355 857 402 908 est.

229 930 265 985 In
276 931 379 986 civitate
391 930 508 998 discordi,
516 934 544 987 et
555 932 589 986 ob
600 931 700 987 crebras
712 931 853 1004 principum
865 932 984 988 mutatio·
994 931 1030 988 10

190 1026 241 1062 ncs
258 1007 326 1062 inter
336 1008 480 1063 libertatem
491 1027 521 1064 ac
532 1009 659 1064 licentiam
671 1009 774 1076 incerta,
787 1027 871 1081 parvae
883 1028 983 1082 quoque

189 1103 236 1139 res
247 1085 347 1156 mugnis
357 1085 469 1140 motibus
480 1085 627 1158 agebantur.
647 1086 737 1141 Vibius
747 1087 860 1158 Crispus,
869 1088 1008 1158 pecunias

190 1162 588 1234 potentia,ingenio,interclaros
596 1163 677 1235 magis
687 1164 984 1234 quamiuterbcnos,An-

189 1240 265 1294 nium
274 1240 405 1306 Faustum,
414 1241 538 1312 equestris
545 1241 648 1306 ordinis,
657 1241 701 1312 qui
709 1241 864 1312 temporibus
874 1242 984 1298 Neronis

190 1317 332 1372 delationes
345 1317 511 1384 factitaverat,
524 1317 556 1373 ad
568 1318 738 1390 cognitionem
750 1322 853 1373 senatus
870 1318 982 1374 vocabat.

189 1395 263 1450 Nam
280 1413 376 1460 recens,
395 1395 481 1451 Galba
501 1395 652 1468 principatu,
674 1400 825 1450 censuerant
846 1400 931 1466 patres
952 1400 1007 1460 uta

188 1476 368 1527 accusatorum
380 1491 463 1528 causa
473 1478 646 1528 noscerentur.
682 1471 715 1527 Id
724 1476 827 1527 senatus
838 1473 983 1528 consultum

189 1549 264 1604 varie
271 1550 396 1620 jactatum
407 1556 441 1616 et,
454 1554 531 1622 prout
539 1555 631 1622 potens
642 1549 683 1604 vel
695 1550 768 1619 inops
780 1568 839 1604 reus
851 1550 981 1617 inciderat,

188 1627 320 1682 infirmnm
332 1633 377 1682 aut
388 1628 500 1684 validum
515 1627 679 1683 retinebatur.
714 1625 756 1680 Ad
770 1626 819 1684 hoc
835 1628 940 1684 terroris
956 1633 1007 1684 etl

189 1704 295 1775 propria
317 1705 343 1760 vi
366 1705 472 1777 Crispus
495 1704 644 1760 incubuerat
668 1703 806 1759 delatorem
831 1705 918 1760 fratris
942 1706 982 1762 sui

190 1785 356 1852 pervertere3
378 1786 542 1854 traxeratque
562 1801 680 1854 magnam
704 1785 806 1836 senatus
824 1787 930 1852 partem,
950 1787 981 1839 ut

189 1858 352 1914 indefensum
367 1864 394 1915 et
414 1859 557 1916 incubitum
580 1858 639 1914 dedi
650 1858 682 1913 ad
693 1857 799 1914 exitium
814 1859 980 1930 postularent.

192 1937 291 1991 Contra
304 1935 372 2007 apud
389 1936 451 1990 alios
467 1937 531 1992 nihil
542 1954 668 2007 aequoreo
681 1933 798 2006 proderat
814 1955 890 2007 quam
905 1937 1006 1998 nimiae

190 2014 308 2084 potentis
314 2014 484 2068 mcusatoris:
503 2012 558 2070 dari
568 2018 677 2086 tempus,
688 2017 729 2072 edi
742 2015 853 2079 crimina,
867 2015 982 2086 quumvis

189 2091 301 2145 insnum
313 2108 343 2145 ec
349 2099 482 2146 nocentem
493 2110 563 2147 more
574 2096 661 2148 tamen
668 2094 827 2158 audiendum,
836 2091 980 2148 censebant.

190 2168 231 2222 Et
252 2167 353 2222 valuere
375 2169 464 2239 primo,
486 2167 614 2240 dilataque
632 2171 660 2226 in
677 2190 771 2242 paucos
791 2170 844 2225 dies
861 2169 979 2240 cognitio.

190 2245 258 2302 Mox
279 2244 413 2300 damnatus
437 2248 477 2300 est
465 2245 580 2301 tilaust
568 2251 619 2312 t,us
644 2267 801 2320 nequaquam
826 2264 855 2301 eo
876 2262 1015 2312 assensus

190 2320 303 2377 civitatis
326 2340 402 2392 quem
428 2322 543 2392 pessimis
571 2325 683 2380 moribus
707 2326 841 2380 meruerat
878 2322 1000 2394 Quippe
1030 2318 1035 2332 ’

190 2399 275 2469 ipsum
293 2398 411 2468 Crispum
428 2398 529 2454 easdem
542 2401 715 2456 accusationes
727 2419 785 2456 oum
797 2401 899 2472 premio
911 2419 981 2455 exer-

191 2476 274 2532 cuisse
285 2476 458 2542 meminerant,
474 2495 522 2532 nec
539 2495 613 2548 poena
623 2478 734 2534 criminis
752 2477 798 2534 sod
812 2477 851 2533 ult
839 2482 881 2533 tor
896 2477 981 2550 displi-

191 2559 272 2614 oebat.

226 2636 298 2692 Irata
311 2637 415 2692 interim
430 2637 528 2693 Othoni
544 2637 668 2710 principia
681 2638 748 2705 belli,
761 2642 815 2694 mot
815 2637 837 2694 is
803 2637 908 2694 tad'
900 2656 980 2709 rmpe·
991 2645 1025 2703 11

191 2714 257 2768 rium
267 2717 323 2784 ejus
335 2732 350 2770 e
361 2714 489 2769 Dalmatia
506 2716 685 2786 Pannoniaque
703 2716 862 2772 exercitibus.
897 2715 1005 2778 Pueros

158 2805 165 2813 '
191 2802 298 2862 quatuor
327 2792 448 2864 legiones,
475 2810 489 2846 e
513 2792 604 2863 quibus
642 2792 703 2848 bina
729 2793 807 2848 millia
833 2791 978 2863 praemissa;

190 2869 251 2940 ipsse
267 2869 372 2925 modicis
387 2869 527 2924 intervallis
543 2869 721 2942 sequebantur,
743 2871 852 2940 septima
869 2887 885 2921 a
901 2867 981 2922 Galba

191 2947 340 3037 conscripta,
364 2953 489 3003 veterana
512 2948 646 3003 undecima
668 2966 698 3004 ao
727 2948 805 3002 tertia
833 2944 930 2998 decima
952 2947 979 2996 et

192 3025 310 3098 precipui
333 3026 401 3081 lama
427 3024 648 3096 quartadecimani,
678 3023 813 3080 rebellione
841 3017 979 3074 Britannia
