2575 3592
305 409 335 454 lo
637 403 756 454 unctui

931 468 966 516 [n.
977 465 1003 506 u.
1014 467 1035 505 o.
1046 465 1091 504 aaa.

303 534 396 588 ‹mrpus
407 519 512 572 storeae
523 515 610 571 librari
621 517 675 572 sine
687 521 785 572 reetore
794 519 888 588 posset,
899 516 990 588 dignus
1000 533 1093 570 erema

304 613 356 666 quo
364 612 405 648 res
416 593 518 665 publiea
528 594 665 665 inciperet:
684 613 751 649 nono
764 613 793 648 eo
806 594 965 650 necessitatis
976 594 1029 665 jam
1041 593 1093 663 pri-

305 673 362 726 dem
374 676 477 726 ventum
490 675 537 736 est,
550 676 581 725 ut
596 688 643 726 neo
655 691 711 726 mea
722 676 839 726 senectus
851 672 966 726 conferre
977 671 1035 742 plus
1048 687 1093 740 po

303 749 365 818 pulo
377 749 493 803 Romano
505 749 587 819 possit
598 767 674 819 quarn
686 749 780 803 bonum
792 764 969 813 successorem,
982 767 1030 804 neo
1045 752 1095 802 tria

280 825 362 896 2plus
375 827 480 896 juventa
492 843 567 896 quam
583 824 677 879 bonnm
694 826 839 896 prinoipem.
877 825 930 880 Sub
946 825 1046 880 Tiberio
1065 828 1094 880 et

305 903 367 957 Caio
378 907 406 957 et
422 902 527 956 Claudio
541 902 616 956 unius
632 901 734 957 familiae
752 904 824 974 qnasi
841 903 967 958 hereditas
980 903 1093 957 immas:

280 980 359 1034 tlooo
370 979 494 1034 libertatis
506 980 556 1034 erit
567 978 635 1049 quod
644 979 704 1050 eligi
716 981 843 1050 ecepimus.
879 981 915 1034 ut
926 980 999 1034 finito
1010 980 1027 1032 J
1028 979 1095 1032 nlio-

303 1075 361 1111 rum
381 1057 594 1127 Claudiorumque
610 1055 685 1110 domo
705 1058 829 1126 optimum
846 1075 971 1129 quemque
988 1057 1094 1126 adoptio

278 1134 422 1192 4inveniet.
457 1135 525 1188 Nam
541 1133 657 1205 generari
674 1138 700 1188 et
718 1135 789 1189 nasei
804 1153 819 1188 a
834 1135 989 1206 principibus
1002 1134 1094 1188 fortui·

302 1215 366 1276 tom,
391 1229 438 1266 neo
459 1211 527 1265 ultre
549 1210 705 1266 aestimaturz
725 1211 861 1282 adoptandi
881 1211 1005 1283 judicium
1027 1211 1093 1266 inte·

279 1293 393 1360 egram
412 1293 439 1343 et
447 1289 470 1343 si
478 1287 541 1343 vebs
549 1288 650 1359 eligere,
659 1305 781 1343 consensu
790 1294 953 1343 monstratur.
983 1289 1023 1342 Sit
1032 1293 1094 1343 ente

303 1367 390 1420 oeulos
402 1367 482 1432 Nero,
495 1383 570 1436 quem
582 1365 658 1435 longa
670 1365 799 1420 Caesarum
811 1366 876 1421 serio
888 1369 1028 1420 tumentem
1040 1384 1094 1420 non

303 1443 405 1498 Vindex
416 1461 474 1498 oum
486 1443 577 1497 inermi
589 1442 718 1511 provincia
735 1449 779 1496 aut
792 1461 839 1515 ego
852 1463 909 1498 oum
921 1462 973 1496 nna
983 1443 1092 1514 legione,

303 1520 348 1575 sed
365 1539 413 1575 sua
427 1520 579 1582 immanitas,
593 1536 639 1571 sua
655 1518 756 1573 luxuria
770 1521 909 1575 eervioibus
927 1520 1031 1590 publicis
1050 1519 1095 1574 de-

302 1598 439 1668 pulerunt3
457 1614 541 1666 neque
557 1599 613 1649 erat
630 1595 713 1651 adhue
731 1596 842 1652 damnati
866 1597 985 1668 principis
1009 1615 1094 1652 exenn-

278 1675 380 1746 6plum.
427 1674 484 1728 Nos
508 1671 573 1728 bello
597 1676 624 1726 et
648 1673 679 1727 ab
703 1674 887 1728 estimantibus
915 1673 1005 1728 adsoiti
1033 1692 1094 1729 oum

302 1750 403 1817 invidia,
423 1751 537 1822 quamvis
555 1749 658 1820 egregii,
678 1751 779 1805 erimus.
816 1752 859 1806 Ne
875 1756 961 1806 tamen
984 1751 1094 1806 territus

301 1829 387 1895 fueris,
412 1829 434 1884 si
457 1828 514 1882 due
537 1827 649 1897 legiones
673 1827 700 1880 in
722 1828 772 1883 hoo
792 1829 908 1884 eononssi
931 1829 998 1884 orbis
1019 1834 1094 1884 motu

279 1908 414 1970 'inondum
434 1909 575 1978 quieseunt.
612 1905 654 1959 Ne
675 1907 729 1977 ipse
751 1907 851 1978 quidem
872 1908 904 1962 ad
925 1925 1026 1962 securas
1050 1927 1094 1962 res

302 1986 411 2052 aooessi;
430 1990 456 2040 et
468 1983 555 2039 audita
566 1981 702 2052 adoptione
711 1983 823 2038 desinam
833 1985 912 2040 videri
925 2003 1009 2049 senex,
1024 1983 1094 2054 qnod

278 2078 369 2124 sunno
386 2062 448 2117 mihi
471 2079 550 2116 unum
573 2058 701 2128 objicitur.
738 2062 809 2115 Nero
831 2079 846 2115 a
863 2062 973 2132 pessimo
991 2079 1094 2132 quoque

302 2158 401 2210 semper
417 2137 615 2193 desiderabitur:
635 2137 696 2191 mihi
721 2155 750 2192 ao
773 2137 821 2192 tibi
845 2138 1027 2209 providendum
1051 2144 1094 2192 est

277 2231 333 2278 9ne
351 2217 427 2271 etiam
445 2234 460 2270 a
476 2214 550 2270 bonis
568 2212 734 2270 desideretur.
770 2215 877 2269 Monere
895 2215 991 2270 diutius
1008 2233 1093 2285 neque

300 2294 421 2364 temporis
433 2293 516 2364 hujus,
530 2296 556 2346 et
574 2293 705 2362 impletum
723 2295 763 2346 est
781 2310 855 2346 omne
869 2293 1008 2357 eonsilium,
1027 2292 1049 2346 si
1064 2298 1094 2348 te

261 2371 365 2425 lobene
376 2370 449 2441 elegi.
485 2372 644 2428 Utilissimus
662 2370 771 2425 idemne
788 2368 951 2424 brevissimus
967 2369 1093 2424 bonarum

300 2447 472 2518 malarumque
499 2467 584 2504 rerum
611 2449 725 2503 delectus
752 2450 799 2510 ost,
825 2447 937 2518 cogitare
960 2447 1022 2517 quid
1045 2452 1092 2502 aut

261 2533 289 2579 11
299 2525 410 2580 volueris
427 2525 475 2580 sub
493 2526 542 2581 alio
558 2527 672 2598 principe
690 2529 735 2579 aut
753 2523 871 2578 nolueris.
908 2525 1000 2594 Neque
1021 2523 1090 2580 enim

299 2603 349 2667 irio,
362 2608 392 2656 nt
401 2602 520 2673 gentibus
529 2623 586 2674 qoae
594 2605 741 2675 regnantur,
751 2607 821 2656 oerta
833 2601 990 2656 dominorum
1000 2600 1091 2656 domus

300 2684 327 2734 et
339 2679 417 2734 aeteri
435 2681 516 2733 servi:
536 2681 580 2734 sed
595 2683 766 2751 imperaturus
782 2698 809 2734 es
826 2679 969 2733 hominibus
988 2679 1092 2748 quinae

299 2760 381 2810 totam
399 2756 548 2810 servitutem
566 2757 620 2827 pati
637 2761 745 2827 possunt
756 2773 804 2810 nee
820 2760 902 2810 totam
919 2755 1089 2810 libertatem.'’

262 2833 336 2891 raet
358 2833 438 2887 Galba
458 2832 557 2903 quidem
582 2834 636 2887 haee
661 2851 690 2887 ao
713 2833 781 2897 talia,
807 2837 927 2902 tanquam
951 2833 1091 2902 prinoipem

255 2913 290 2968 17
301 2911 403 2973 iaceret,
417 2910 495 2964 oeteri
510 2914 631 2979 tauquam
648 2927 706 2963 oum
721 2909 789 2963 facto
804 2908 980 2980 loquebantur.
1017 2909 1091 2962 Piso-

300 3005 357 3043 nem
381 2986 469 3041 feruut
495 2986 582 3041 statim
605 2985 772 3053 intuentibus,
796 2991 823 3040 et
843 3003 903 3040 mox
923 2985 1045 3057 oonjeotis
1063 2987 1091 3042 in
1153 3041 1154 3064 ,
