2575 3592
333 387 381 436 272
669 387 786 436 TACl'l'l

963 451 1115 502 uncw

331 515 381 568 qne
401 503 431 552 ιιι
450 498 563 570 plerique
578 499 722 555 fortium
698 517 808 556 virorum
826 500 964 568 ambitiose,
976 521 1059 573 neque
1075 521 1115 572 per
1138 509 1139 546 ι

293 575 441 630 ·lameuta
463 595 551 630 rursus
575 593 604 630 ac
626 595 757 632 maerorem
786 578 940 633 muliebriter
969 579 1038 634 tulit.
1084 580 1115 633 nt
1138 571 1139 578 ¹

307 655 359 712 nin
376 653 449 708 luctu
467 653 560 709 bellurn
577 652 645 708 inter
664 654 774 710 remedia
790 659 852 711 erat.
888 656 973 726 Igitur
993 657 1116 726 praemissa

333 731 420 796 classe,
433 749 488 802 quoe
500 730 614 800 pluribus
629 731 691 786 locis
704 731 816 803 praedata
826 751 945 804 magnum
957 737 983 788 et
996 734 1115 788 incertum

335 813 456 865 terrorem
467 808 570 873 faceret,
583 809 701 880 expedito
717 810 837 876 exercitu,
850 809 891 864 cui
902 828 916 864 e
928 809 1060 864 Britannis
1072 811 1115 864 lor·

332 887 442 942 tissimos
454 888 481 940 ct
492 886 568 958 longa
579 905 640 958 pace
656 887 799 958 exploratos
814 883 952 951 addiderat,
965 886 998 941 ad
1008 894 1115 942 montem

308 963 478 1035 3Grampium
494 964 617 1034 pervenit,
629 983 704 1034 quem
718 964 770 1036 jam
786 963 866 1018 hostis
881 963 1016 1018 insederat.
1053 965 1115 1018 Nam

332 1041 456 1106 Britanni,
469 1041 531 1095 nihil
546 1041 622 1096 fracti
633 1057 725 1113 pugnes
740 1041 830 1112 prioris
842 1046 943 1108 eventu,
955 1044 982 1096 et
998 1041 1115 1096 ultionem

331 1123 376 1172 ant
393 1119 469 1173 servit
469 1119 522 1173 ium
538 1123 723 1190 exspectantes,
736 1117 887 1188 tandemque
903 1117 972 1174 docti
988 1137 1115 1173 commune

332 1195 471 1267 periculum
482 1195 614 1252 concordia
628 1163 835 1286 propulsandum,
848 1195 915 1267 legat
904 1194 1059 1250 tionibust
1032 1199 1059 1250 et
1075 1196 1139 1256 lte
1138 1207 1139 1226 ¹

307 1272 433 1328 scleribus
453 1273 564 1328 omnium
584 1271 716 1328 civitatum
736 1273 802 1328 uires
823 1273 975 1327 exciverunt.
1011 1273 1139 1346 Jamque
1138 1243 1139 1318 l

331 1368 408 1422 super
419 1349 525 1422 triginta
535 1349 613 1404 millin
623 1354 778 1404 armatorum
789 1347 983 1420 aspiciebantur,
995 1353 1022 1403 et
1038 1347 1139 1404 adhue

330 1427 448 1484 affluebat
470 1427 551 1482 onmis
570 1431 694 1498 juventus
714 1429 741 1482 et
765 1427 856 1498 quibus
879 1425 957 1482 cruda
980 1443 1009 1480 ac
1033 1425 1115 1480 viridis

331 1509 456 1570 senectus,
474 1504 535 1560 clari
552 1503 625 1572 bello,
641 1522 671 1559 ac
688 1523 735 1559 sua
752 1503 858 1576 quisque
874 1503 964 1558 decora
979 1506 1115 1574 gestantes,
1138 1555 1139 1580 1

331 1599 388 1638 cum
409 1581 476 1637 inter
495 1581 580 1652 plures
603 1581 680 1637 duces
704 1581 799 1636 virtute
823 1585 849 1636 et
873 1597 965 1652 genere
986 1584 1115 1650 praestans,
1138 1601 1139 1608 ι

331 1659 431 1714 nomine
447 1657 578 1729 Calgacus,
596 1658 664 1729 apud
679 1661 834 1714 contractam
850 1656 1040 1711 multitudinem
1057 1675 1116 1727 prm

284 1736 321 1790 30
332 1735 393 1789 lium
405 1740 551 1806 poscentem
561 1735 589 1789 in
596 1735 665 1790 hunc
676 1733 778 1790 modum
795 1733 895 1788 locutus
906 1733 1003 1788 lentur:
1025 1736 1042 1762 “
1050 1733 1116 1793 Qun

331 1812 380 1865 ties
392 1829 480 1866 causas
495 1811 555 1865 belli
566 1815 593 1866 et
608 1812 785 1867 necessitatem
799 1813 912 1865 nostram
927 1810 1038 1876 intucor,
1051 1829 1116 1881 mug-

331 1905 380 1941 nus
398 1887 460 1941 mihi
480 1895 578 1942 animus
597 1892 644 1953 est,
666 1887 814 1942 hodiernum
835 1886 901 1942 diem
919 1905 1116 1958 consensumque

306 1967 445 2022 2vcstrum
456 1962 557 2020 initium
568 1963 694 2020 libertatis
705 1965 785 2019 totius
801 1963 940 2019 Britannia
951 1963 1016 2018 fore.
1053 1965 1116 2020 Nam

331 2045 358 2096 et
370 2039 480 2095 universi
494 2040 626 2096 seruitutis
642 2046 770 2112 expertes,
782 2045 809 2096 et
823 2041 898 2096 nullm
910 2041 980 2095 ultra
994 2045 1080 2106 terrae,
1092 2059 1117 2095 ae

329 2135 363 2173 ne
377 2135 446 2173 mare
464 2117 564 2190 quidem
579 2135 705 2183 securum,
720 2117 866 2173 imminente
881 2117 954 2172 nobis
973 2117 1055 2174 classe
1071 2119 1117 2173 Rc

330 2213 412 2251 mana
446 2195 490 2250 lta
500 2195 614 2266 praelium
629 2197 706 2266 atque
721 2213 796 2260 erma,
810 2211 868 2266 quse
879 2193 988 2249 fortibus
1005 2195 1115 2258 honesta,
1138 2209 1139 2242 3

306 2271 419 2328 8ecdem
439 2272 516 2327 etiam
532 2271 631 2344 ignaris
648 2271 777 2326 tutissima
793 2275 861 2326 sunt.
896 2271 1000 2326 Priores
1020 2291 1116 2346 pugne,
1138 2263 1139 2314 ἶ

331 2348 423 2419 quibus
440 2351 560 2403 adversus
578 2349 705 2403 Romanos
722 2347 791 2402 varia
806 2347 909 2401 fortuna
926 2349 1058 2404 certaturn
1075 2355 1115 2411 est,
1138 2351 1139 2366 ¹

330 2443 400 2493 spem
417 2443 447 2480 ac
464 2425 604 2481 subsidium
621 2425 648 2480 in
663 2426 757 2480 nostris
775 2424 889 2479 manibus
906 2423 1046 2492 habebant,
1066 2427 1118 2497 quia
1138 2443 1139 2528 q

331 2500 532 2556 nobilissimit
492 2502 540 2556 ιοι
533 2520 572 2556 rus
584 2501 731 2568 Britannis,
744 2519 824 2572 eoque
835 2501 863 2556 in
873 2500 934 2572 ipsis
946 2503 1117 2572 penetralibus
1138 2533 1139 2562 r

330 2575 381 2643 siti,
394 2595 442 2631 nec
457 2579 620 2667 servientium
635 2578 711 2636 litore
727 2578 885 2649 aspicientes,
901 2575 1007 2633 occulos
1021 2595 1139 2658 quoquc

329 2734 454 2784 terrarum
466 2748 496 2784 ac
513 2730 639 2786 libertatis
655 2736 790 2796 extremos,
802 2741 916 2786 recessus
931 2731 987 2821 ipse
1005 2735 1116 2788 aesinus

329 2805 441 2861 famaein
456 2806 524 2860 hunc
540 2806 607 2860 diem
625 2807 746 2865 defendit.
782 2809 887 2864 Nrmct
887 2809 1000 2864 enninus
1019 2807 1108 2866 Britan

330 2881 379 2935 niae
399 2885 478 2951 patet
514 2884 600 2954 Atque
620 2903 694 2940 omne
713 2888 830 2956 ignotum
850 2895 896 2974 pro
916 2887 1053 2957 magnifico
1073 2893 1139 2942 est
1138 2887 1139 2916 ι

305 2955 381 3016 sssed
400 2957 494 3011 nulla
482 2976 538 3028 Jam
556 2959 624 3015 ultra
642 2981 713 3032 gens,
731 2964 793 3018 nibil
813 2963 864 3018 nisi
883 2961 980 3018 ductus
1001 2971 1030 3022 et
1050 2981 1139 3030 saxa
