<?xml version="1.0" encoding="UTF-8"?>
<!DOCTYPE html PUBLIC "-//W3C//DTD XHTML 1.0 Transitional//EN"
    "http://www.w3.org/TR/xhtml1/DTD/xhtml1-transitional.dtd">
<html xmlns="http://www.w3.org/1999/xhtml" xml:lang="en" lang="en">
 <head>
  <title>
</title>
<meta http-equiv="Content-Type" content="text/html;charset=utf-8" />
  <meta name='ocr-system' content='tesseract 3.04.00' />
  <meta name='ocr-capabilities' content='ocr_page ocr_carea ocr_par ocr_line ocrx_word'/>
</head>
<body>
  <div class='ocr_page' id='page_1' title='image "./operaomniaadfid00tacigoog_0156.png"; bbox 0 0 2575 3592; ppageno 0'>
   <div class='ocr_carea' id='block_1_1' title="bbox 278 380 1075 489">
    <p class='ocr_par' dir='ltr' id='par_1_1' title="bbox 278 380 1075 489">
     <span class='ocr_line' id='line_1_1' title="bbox 278 380 732 429; baseline -0.004 0"><span class='ocrx_word' id='word_1_1' title='bbox 278 382 323 429; x_wconf 79' lang='lat'><strong>15⁰</strong></span> <span class='ocrx_word' id='word_1_2' title='bbox 611 380 732 427; x_wconf 79' lang='lat' dir='ltr'>TACITI</span> 
     </span>
     <span class='ocr_line' id='line_1_2' title="bbox 914 441 1075 489; baseline 0 -8"><span class='ocrx_word' id='word_1_3' title='bbox 914 442 948 489; x_wconf 80' lang='grc' dir='ltr'><strong>[Α.</strong></span> <span class='ocrx_word' id='word_1_4' title='bbox 958 441 985 481; x_wconf 84' lang='lat' dir='ltr'><strong>U.</strong></span> <span class='ocrx_word' id='word_1_5' title='bbox 992 442 1016 481; x_wconf 76' lang='lat'><strong>0.</strong></span> <span class='ocrx_word' id='word_1_6' title='bbox 1025 442 1075 481; x_wconf 66' lang='grc' dir='ltr'><strong>ΒΗ.</strong></span> 
     </span>
    </p>
   </div>
   <div class='ocr_carea' id='block_1_2' title="bbox 234 490 1142 2877">
    <p class='ocr_par' dir='ltr' id='par_1_2' title="bbox 234 490 1142 2248">
     <span class='ocr_line' id='line_1_3' title="bbox 253 490 1076 564; baseline -0.002 -17"><span class='ocrx_word' id='word_1_7' title='bbox 253 492 398 564; x_wconf 66' lang='lat' dir='ltr'><strong>terposoit,</strong></span> <span class='ocrx_word' id='word_1_8' title='bbox 417 492 498 547; x_wconf 90' lang='lat' dir='ltr'><strong>minas</strong></span> <span class='ocrx_word' id='word_1_9' title='bbox 522 490 728 563; x_wconf 77' lang='lat' dir='ltr'><strong>adulationesque</strong></span> <span class='ocrx_word' id='word_1_10' title='bbox 746 492 844 547; x_wconf 87' lang='lat' dir='ltr'><strong>miscet.</strong></span> <span class='ocrx_word' id='word_1_11' title='bbox 881 491 998 547; x_wconf 78' lang='lat' dir='ltr'><strong>Stantem</strong></span> <span class='ocrx_word' id='word_1_12' title='bbox 1023 510 1076 560; x_wconf 82' lang='lat' dir='ltr'><strong>pro</strong></span> 
     </span>
     <span class='ocr_line' id='line_1_4' title="bbox 277 568 1076 641; baseline -0.003 -16"><span class='ocrx_word' id='word_1_13' title='bbox 277 569 396 641; x_wconf 82' lang='lat' dir='ltr'><strong>gradibus</strong></span> <span class='ocrx_word' id='word_1_14' title='bbox 408 569 501 625; x_wconf 83' lang='lat' dir='ltr'><strong>Palatii</strong></span> <span class='ocrx_word' id='word_1_15' title='bbox 511 568 644 623; x_wconf 88' lang='lat' dir='ltr'><strong>Vitellium</strong></span> <span class='ocrx_word' id='word_1_16' title='bbox 654 574 680 624; x_wconf 90' lang='lat' dir='ltr'><strong>et</strong></span> <span class='ocrx_word' id='word_1_17' title='bbox 692 588 779 640; x_wconf 89' lang='lat' dir='ltr'><strong>preces</strong></span> <span class='ocrx_word' id='word_1_18' title='bbox 792 573 922 640; x_wconf 88' lang='lat' dir='ltr'><strong>parantem</strong></span> <span class='ocrx_word' id='word_1_19' title='bbox 931 569 1076 639; x_wconf 72' lang='lat' dir='ltr'><strong>pervinere,</strong></span> 
     </span>
     <span class='ocr_line' id='line_1_5' title="bbox 276 646 1077 717; baseline 0 -16"><span class='ocrx_word' id='word_1_20' title='bbox 276 652 308 701; x_wconf 89' lang='lat' dir='ltr'><strong>ut</strong></span> <span class='ocrx_word' id='word_1_21' title='bbox 331 648 474 703; x_wconf 85' lang='lat' dir='ltr'><strong>absisteret.</strong></span> <span class='ocrx_word' id='word_1_22' title='bbox 526 648 591 699; x_wconf 82' lang='lat' dir='ltr'><strong>Tum</strong></span> <span class='ocrx_word' id='word_1_23' title='bbox 619 647 765 701; x_wconf 85' lang='lat' dir='ltr'><strong>confossum</strong></span> <span class='ocrx_word' id='word_1_24' title='bbox 789 646 1021 717; x_wconf 86' lang='lat' dir='ltr'><strong>collaoeratumque</strong></span> <span class='ocrx_word' id='word_1_25' title='bbox 1045 649 1077 701; x_wconf 88' lang='lat' dir='ltr'><strong>et</strong></span> 
     </span>
     <span class='ocr_line' id='line_1_6' title="bbox 278 723 1142 795; baseline -0.007 -16"><span class='ocrx_word' id='word_1_26' title='bbox 278 724 376 779; x_wconf 88' lang='lat' dir='ltr'><strong>absciso</strong></span> <span class='ocrx_word' id='word_1_27' title='bbox 399 725 481 795; x_wconf 86' lang='lat' dir='ltr'><strong>capite</strong></span> <span class='ocrx_word' id='word_1_28' title='bbox 504 727 624 782; x_wconf 83' lang='lat' dir='ltr'><strong>truncum</strong></span> <span class='ocrx_word' id='word_1_29' title='bbox 648 742 740 793; x_wconf 85' lang='lat' dir='ltr'><strong>corpus</strong></span> <span class='ocrx_word' id='word_1_30' title='bbox 766 723 852 778; x_wconf 86' lang='lat' dir='ltr'><strong>Sabini</strong></span> <span class='ocrx_word' id='word_1_31' title='bbox 877 724 904 777; x_wconf 91' lang='lat' dir='ltr'><strong>in</strong></span> <span class='ocrx_word' id='word_1_32' title='bbox 933 723 1075 778; x_wconf 78' lang='lat' dir='ltr'><strong>Gemonias</strong></span> <span class='ocrx_word' id='word_1_33' title='bbox 1141 730 1142 773; x_wconf 65' lang='lat' dir='ltr'><strong>l</strong></span> 
     </span>
     <span class='ocr_line' id='line_1_7' title="bbox 234 800 1076 871; baseline 0 -16"><span class='ocrx_word' id='word_1_34' title='bbox 234 802 390 865; x_wconf 82' lang='lat' dir='ltr'><strong>75trahunt.</strong></span> <span class='ocrx_word' id='word_1_35' title='bbox 426 801 634 856; x_wconf 78' lang='lat' dir='ltr'><strong>Hicexitusviri</strong></span> <span class='ocrx_word' id='word_1_36' title='bbox 652 800 720 855; x_wconf 91' lang='lat' dir='ltr'><strong>haud</strong></span> <span class='ocrx_word' id='word_1_37' title='bbox 736 820 796 857; x_wconf 86' lang='lat' dir='ltr'><strong>sane</strong></span> <span class='ocrx_word' id='word_1_38' title='bbox 813 800 956 871; x_wconf 88' lang='lat' dir='ltr'><strong>spernendi.</strong></span> <span class='ocrx_word' id='word_1_39' title='bbox 993 800 1076 865; x_wconf 82' lang='lat' dir='ltr'><strong>Quin-</strong></span> 
     </span>
     <span class='ocr_line' id='line_1_8' title="bbox 278 877 1076 949; baseline 0.001 -17"><span class='ocrx_word' id='word_1_40' title='bbox 278 898 327 949; x_wconf 89' lang='lat' dir='ltr'><strong>que</strong></span> <span class='ocrx_word' id='word_1_41' title='bbox 351 883 377 933; x_wconf 90' lang='lat' dir='ltr'><strong>et</strong></span> <span class='ocrx_word' id='word_1_42' title='bbox 400 879 509 947; x_wconf 80' lang='lat' dir='ltr'><strong>triginta</strong></span> <span class='ocrx_word' id='word_1_43' title='bbox 533 878 661 948; x_wconf 87' lang='lat' dir='ltr'><strong>stipendia</strong></span> <span class='ocrx_word' id='word_1_44' title='bbox 677 878 705 931; x_wconf 90' lang='lat' dir='ltr'><strong>in</strong></span> <span class='ocrx_word' id='word_1_45' title='bbox 728 878 857 949; x_wconf 76' lang='lat' dir='ltr'>republica</span> <span class='ocrx_word' id='word_1_46' title='bbox 874 878 977 942; x_wconf 82' lang='lat' dir='ltr'><strong>iecerat,</strong></span> <span class='ocrx_word' id='word_1_47' title='bbox 1003 877 1076 933; x_wconf 85' lang='lat' dir='ltr'><strong>domi</strong></span> 
     </span>
     <span class='ocr_line' id='line_1_9' title="bbox 277 955 1142 1026; baseline 0 -17"><span class='ocrx_word' id='word_1_48' title='bbox 277 955 423 1026; x_wconf 76' lang='lat' dir='ltr'><strong>militiasque</strong></span> <span class='ocrx_word' id='word_1_49' title='bbox 434 956 526 1009; x_wconf 88' lang='lat' dir='ltr'><strong>clarus.</strong></span> <span class='ocrx_word' id='word_1_50' title='bbox 562 956 738 1010; x_wconf 79' lang='lat' dir='ltr'>Innocentiam</span> <span class='ocrx_word' id='word_1_51' title='bbox 751 956 927 1026; x_wconf 87' lang='lat' dir='ltr'><strong>justitiamque</strong></span> <span class='ocrx_word' id='word_1_52' title='bbox 945 956 1003 1026; x_wconf 89' lang='lat' dir='ltr'><strong>ejus</strong></span> <span class='ocrx_word' id='word_1_53' title='bbox 1021 973 1077 1009; x_wconf 85' lang='lat' dir='ltr'><strong>non</strong></span> <span class='ocrx_word' id='word_1_54' title='bbox 1141 1002 1142 1009; x_wconf 58' lang='lat'><strong>.</strong></span> 
     </span>
     <span class='ocr_line' id='line_1_10' title="bbox 278 1032 1142 1103; baseline 0.001 -17"><span class='ocrx_word' id='word_1_55' title='bbox 278 1050 413 1103; x_wconf 88' lang='lat' dir='ltr'><strong>urgueres;</strong></span> <span class='ocrx_word' id='word_1_56' title='bbox 432 1032 553 1087; x_wconf 88' lang='lat' dir='ltr'><strong>sermonis</strong></span> <span class='ocrx_word' id='word_1_57' title='bbox 565 1033 658 1087; x_wconf 89' lang='lat' dir='ltr'><strong>nimius</strong></span> <span class='ocrx_word' id='word_1_58' title='bbox 671 1037 741 1088; x_wconf 87' lang='lat' dir='ltr'><strong>erat:</strong></span> <span class='ocrx_word' id='word_1_59' title='bbox 759 1033 787 1087; x_wconf 89' lang='lat' dir='ltr'><strong>id</strong></span> <span class='ocrx_word' id='word_1_60' title='bbox 798 1052 876 1087; x_wconf 90' lang='lat' dir='ltr'><strong>unum</strong></span> <span class='ocrx_word' id='word_1_61' title='bbox 888 1036 985 1103; x_wconf 81' lang='lat' dir='ltr'><strong>septem</strong></span> <span class='ocrx_word' id='word_1_62' title='bbox 999 1032 1075 1087; x_wconf 87' lang='lat' dir='ltr'><strong>annis</strong></span> <span class='ocrx_word' id='word_1_63' title='bbox 1141 1068 1142 1073; x_wconf 62' lang='lat'><em>=</em></span> 
     </span>
     <span class='ocr_line' id='line_1_11' title="bbox 278 1108 1142 1181; baseline 0.002 -18"><span class='ocrx_word' id='word_1_64' title='bbox 278 1109 370 1180; x_wconf 90' lang='lat' dir='ltr'><strong>quibus</strong></span> <span class='ocrx_word' id='word_1_65' title='bbox 390 1109 516 1174; x_wconf 85' lang='lat' dir='ltr'><strong>Moesiam,</strong></span> <span class='ocrx_word' id='word_1_66' title='bbox 538 1109 671 1164; x_wconf 86' lang='lat' dir='ltr'><strong>duodecim</strong></span> <span class='ocrx_word' id='word_1_67' title='bbox 691 1108 782 1180; x_wconf 89' lang='lat' dir='ltr'><strong>quibus</strong></span> <span class='ocrx_word' id='word_1_68' title='bbox 803 1110 980 1181; x_wconf 82' lang='lat' dir='ltr'><strong>praefecbrram</strong></span> <span class='ocrx_word' id='word_1_69' title='bbox 1000 1108 1075 1165; x_wconf 85' lang='lat' dir='ltr'><strong>urbis</strong></span> <span class='ocrx_word' id='word_1_70' title='bbox 1141 1172 1142 1179; x_wconf 15' lang='lat' dir='ltr'><strong>p</strong></span> 
     </span>
     <span class='ocr_line' id='line_1_12' title="bbox 257 1186 1142 1254; baseline -0.006 -8"><span class='ocrx_word' id='word_1_71' title='bbox 257 1186 397 1254; x_wconf 76' lang='lat' dir='ltr'><strong>subticuit,</strong></span> <span class='ocrx_word' id='word_1_72' title='bbox 421 1186 588 1242; x_wconf 82' lang='lat' dir='ltr'><strong>calumniatus</strong></span> <span class='ocrx_word' id='word_1_73' title='bbox 615 1191 656 1241; x_wconf 90' lang='lat' dir='ltr'><strong>est</strong></span> <span class='ocrx_word' id='word_1_74' title='bbox 679 1206 773 1242; x_wconf 87' lang='lat' dir='ltr'><strong>rumor.</strong></span> <span class='ocrx_word' id='word_1_75' title='bbox 817 1187 851 1241; x_wconf 87' lang='lat' dir='ltr'><strong>In</strong></span> <span class='ocrx_word' id='word_1_76' title='bbox 873 1186 923 1241; x_wconf 85' lang='lat' dir='ltr'><strong>fine</strong></span> <span class='ocrx_word' id='word_1_77' title='bbox 946 1187 1007 1241; x_wconf 76' lang='lat' dir='ltr'><strong>vitre</strong></span> <span class='ocrx_word' id='word_1_78' title='bbox 1030 1186 1076 1241; x_wconf 85' lang='lat' dir='ltr'><strong>ulii</strong></span> <span class='ocrx_word' id='word_1_79' title='bbox 1141 1188 1142 1251; x_wconf 69' lang='lat' dir='ltr'>s</span> 
     </span>
     <span class='ocr_line' id='line_1_13' title="bbox 279 1263 1076 1335; baseline 0 -17"><span class='ocrx_word' id='word_1_80' title='bbox 279 1282 389 1335; x_wconf 78' lang='lat' dir='ltr'><strong>segnem,</strong></span> <span class='ocrx_word' id='word_1_81' title='bbox 408 1264 482 1318; x_wconf 89' lang='lat' dir='ltr'><strong>multi</strong></span> <span class='ocrx_word' id='word_1_82' title='bbox 497 1263 655 1319; x_wconf 90' lang='lat' dir='ltr'><strong>moderatum</strong></span> <span class='ocrx_word' id='word_1_83' title='bbox 673 1271 699 1318; x_wconf 89' lang='lat' dir='ltr'><strong>et</strong></span> <span class='ocrx_word' id='word_1_84' title='bbox 716 1264 808 1319; x_wconf 89' lang='lat' dir='ltr'><strong>civium</strong></span> <span class='ocrx_word' id='word_1_85' title='bbox 826 1264 955 1335; x_wconf 88' lang='lat' dir='ltr'><strong>sanguinis</strong></span> <span class='ocrx_word' id='word_1_86' title='bbox 968 1280 1076 1335; x_wconf 87' lang='lat' dir='ltr'><strong>parcum</strong></span> 
     </span>
     <span class='ocr_line' id='line_1_14' title="bbox 279 1340 1076 1411; baseline 0.001 -15"><span class='ocrx_word' id='word_1_87' title='bbox 279 1340 414 1396; x_wconf 84' lang='lat' dir='ltr'><strong>credidere.</strong></span> <span class='ocrx_word' id='word_1_88' title='bbox 452 1340 529 1401; x_wconf 82' lang='lat' dir='ltr'><strong>Quod</strong></span> <span class='ocrx_word' id='word_1_89' title='bbox 547 1340 615 1395; x_wconf 85' lang='lat' dir='ltr'><strong>inter</strong></span> <span class='ocrx_word' id='word_1_90' title='bbox 631 1358 719 1395; x_wconf 89' lang='lat' dir='ltr'><strong>omnes</strong></span> <span class='ocrx_word' id='word_1_91' title='bbox 736 1341 888 1405; x_wconf 89' lang='lat' dir='ltr'><strong>constiterit,</strong></span> <span class='ocrx_word' id='word_1_92' title='bbox 903 1344 962 1395; x_wconf 90' lang='lat' dir='ltr'><strong>ante</strong></span> <span class='ocrx_word' id='word_1_93' title='bbox 979 1340 1076 1411; x_wconf 82' lang='lat' dir='ltr'><strong>prinei-</strong></span> 
     </span>
     <span class='ocr_line' id='line_1_15' title="bbox 278 1416 1074 1489; baseline -0.001 -17"><span class='ocrx_word' id='word_1_94' title='bbox 278 1422 367 1489; x_wconf 89' lang='lat' dir='ltr'><strong>patum</strong></span> <span class='ocrx_word' id='word_1_95' title='bbox 386 1418 536 1489; x_wconf 79' lang='lat' dir='ltr'><strong>Vespasiani</strong></span> <span class='ocrx_word' id='word_1_96' title='bbox 556 1416 634 1471; x_wconf 87' lang='lat' dir='ltr'><strong>decus</strong></span> <span class='ocrx_word' id='word_1_97' title='bbox 658 1416 747 1471; x_wconf 88' lang='lat' dir='ltr'><strong>domus</strong></span> <span class='ocrx_word' id='word_1_98' title='bbox 768 1436 844 1489; x_wconf 88' lang='lat' dir='ltr'><strong>penes</strong></span> <span class='ocrx_word' id='word_1_99' title='bbox 867 1418 988 1473; x_wconf 84' lang='lat' dir='ltr'><strong>Sabinum</strong></span> <span class='ocrx_word' id='word_1_100' title='bbox 1008 1420 1074 1471; x_wconf 82' lang='lat' dir='ltr'><strong>erat.</strong></span> 
     </span>
     <span class='ocr_line' id='line_1_16' title="bbox 259 1494 1076 1566; baseline 0.001 -19"><span class='ocrx_word' id='word_1_101' title='bbox 259 1495 381 1550; x_wconf 72' lang='lat' dir='ltr'><strong>academ</strong></span> <span class='ocrx_word' id='word_1_102' title='bbox 398 1496 453 1566; x_wconf 88' lang='lat' dir='ltr'><strong>ejus</strong></span> <span class='ocrx_word' id='word_1_103' title='bbox 471 1496 554 1549; x_wconf 72' lang='lat' dir='ltr'><strong>laetam</strong></span> <span class='ocrx_word' id='word_1_104' title='bbox 572 1494 652 1549; x_wconf 87' lang='lat' dir='ltr'><strong>fuisse</strong></span> <span class='ocrx_word' id='word_1_105' title='bbox 668 1495 791 1549; x_wconf 83' lang='lat' dir='ltr'><strong>Muciano</strong></span> <span class='ocrx_word' id='word_1_106' title='bbox 809 1496 960 1566; x_wconf 90' lang='lat' dir='ltr'><strong>accepimus.</strong></span> <span class='ocrx_word' id='word_1_107' title='bbox 996 1494 1076 1549; x_wconf 74' lang='lat' dir='ltr'><strong>Fere·</strong></span> 
     </span>
     <span class='ocr_line' id='line_1_17' title="bbox 279 1572 1076 1644; baseline 0 -17"><span class='ocrx_word' id='word_1_108' title='bbox 279 1572 341 1628; x_wconf 90' lang='lat' dir='ltr'><strong>bant</strong></span> <span class='ocrx_word' id='word_1_109' title='bbox 358 1573 472 1644; x_wconf 88' lang='lat' dir='ltr'><strong>plerique</strong></span> <span class='ocrx_word' id='word_1_110' title='bbox 489 1572 565 1627; x_wconf 86' lang='lat' dir='ltr'><strong>etiam</strong></span> <span class='ocrx_word' id='word_1_111' title='bbox 581 1572 638 1642; x_wconf 88' lang='lat' dir='ltr'><strong>paci</strong></span> <span class='ocrx_word' id='word_1_112' title='bbox 657 1572 809 1637; x_wconf 87' lang='lat' dir='ltr'><strong>consultum,</strong></span> <span class='ocrx_word' id='word_1_113' title='bbox 827 1572 954 1644; x_wconf 88' lang='lat' dir='ltr'><strong>dirempta</strong></span> <span class='ocrx_word' id='word_1_114' title='bbox 971 1572 1076 1627; x_wconf 75' lang='lat' dir='ltr'><strong>amula·</strong></span> 
     </span>
     <span class='ocr_line' id='line_1_18' title="bbox 279 1648 1077 1719; baseline 0.001 -15"><span class='ocrx_word' id='word_1_115' title='bbox 279 1651 349 1705; x_wconf 91' lang='lat' dir='ltr'><strong>tione</strong></span> <span class='ocrx_word' id='word_1_116' title='bbox 360 1650 428 1704; x_wconf 90' lang='lat' dir='ltr'><strong>inter</strong></span> <span class='ocrx_word' id='word_1_117' title='bbox 442 1649 514 1717; x_wconf 91' lang='lat' dir='ltr'><strong>duos,</strong></span> <span class='ocrx_word' id='word_1_118' title='bbox 532 1666 640 1719; x_wconf 90' lang='lat' dir='ltr'><strong>quorum</strong></span> <span class='ocrx_word' id='word_1_119' title='bbox 657 1648 722 1703; x_wconf 87' lang='lat' dir='ltr'><strong>alter</strong></span> <span class='ocrx_word' id='word_1_120' title='bbox 738 1668 765 1704; x_wconf 94' lang='lat' dir='ltr'><strong>se</strong></span> <span class='ocrx_word' id='word_1_121' title='bbox 782 1650 886 1703; x_wconf 87' lang='lat' dir='ltr'><strong>fratrem</strong></span> <span class='ocrx_word' id='word_1_122' title='bbox 904 1649 1077 1719; x_wconf 82' lang='lat' dir='ltr'><strong>imperatoris,</strong></span> 
     </span>
     <span class='ocr_line' id='line_1_19' title="bbox 259 1726 1078 1797; baseline 0 -16"><span class='ocrx_word' id='word_1_123' title='bbox 259 1727 345 1787; x_wconf 64' lang='lat' dir='ltr'><strong>salter</strong></span> <span class='ocrx_word' id='word_1_124' title='bbox 362 1730 504 1781; x_wconf 78' lang='lat' dir='ltr'><strong>consortem</strong></span> <span class='ocrx_word' id='word_1_125' title='bbox 522 1726 621 1797; x_wconf 87' lang='lat' dir='ltr'><strong>imperii</strong></span> <span class='ocrx_word' id='word_1_126' title='bbox 638 1726 770 1797; x_wconf 78' lang='lat' dir='ltr'><strong>cogitaret.</strong></span> <span class='ocrx_word' id='word_1_127' title='bbox 807 1726 859 1781; x_wconf 84' lang='lat' dir='ltr'><strong>Sed</strong></span> <span class='ocrx_word' id='word_1_128' title='bbox 876 1726 997 1783; x_wconf 81' lang='lat' dir='ltr'><strong>Vitellius</strong></span> <span class='ocrx_word' id='word_1_129' title='bbox 1014 1743 1078 1781; x_wconf 89' lang='lat' dir='ltr'><strong>oon·</strong></span> 
     </span>
     <span class='ocr_line' id='line_1_20' title="bbox 281 1802 1077 1874; baseline -0.001 -15"><span class='ocrx_word' id='word_1_130' title='bbox 281 1804 342 1859; x_wconf 90' lang='lat' dir='ltr'><strong>sulis</strong></span> <span class='ocrx_word' id='word_1_131' title='bbox 361 1803 512 1873; x_wconf 89' lang='lat' dir='ltr'><strong>supplicium</strong></span> <span class='ocrx_word' id='word_1_132' title='bbox 530 1803 645 1873; x_wconf 89' lang='lat' dir='ltr'><strong>poscenti</strong></span> <span class='ocrx_word' id='word_1_133' title='bbox 669 1803 763 1873; x_wconf 91' lang='lat' dir='ltr'><strong>populo</strong></span> <span class='ocrx_word' id='word_1_134' title='bbox 780 1803 885 1869; x_wconf 88' lang='lat' dir='ltr'><strong>restitit,</strong></span> <span class='ocrx_word' id='word_1_135' title='bbox 904 1802 1020 1874; x_wconf 84' lang='lat' dir='ltr'><strong>placatus</strong></span> <span class='ocrx_word' id='word_1_136' title='bbox 1044 1821 1077 1858; x_wconf 91' lang='lat' dir='ltr'><strong>ac</strong></span> 
     </span>
     <span class='ocr_line' id='line_1_21' title="bbox 281 1878 1077 1951; baseline 0 -16"><span class='ocrx_word' id='word_1_137' title='bbox 281 1881 351 1935; x_wconf 88' lang='lat' dir='ltr'><strong>velut</strong></span> <span class='ocrx_word' id='word_1_138' title='bbox 364 1881 444 1934; x_wconf 88' lang='lat' dir='ltr'><strong>vicem</strong></span> <span class='ocrx_word' id='word_1_139' title='bbox 456 1878 570 1944; x_wconf 89' lang='lat' dir='ltr'><strong>reddens,</strong></span> <span class='ocrx_word' id='word_1_140' title='bbox 584 1879 653 1951; x_wconf 91' lang='lat' dir='ltr'><strong>quod</strong></span> <span class='ocrx_word' id='word_1_141' title='bbox 664 1880 880 1951; x_wconf 86' lang='lat' dir='ltr'><strong>interrogantibus</strong></span> <span class='ocrx_word' id='word_1_142' title='bbox 897 1880 955 1951; x_wconf 90' lang='lat' dir='ltr'><strong>quis</strong></span> <span class='ocrx_word' id='word_1_143' title='bbox 968 1879 1077 1950; x_wconf 83' lang='lat' dir='ltr'><strong>Capito-</strong></span> 
     </span>
     <span class='ocr_line' id='line_1_22' title="bbox 282 1956 1079 2027; baseline 0.001 -15"><span class='ocrx_word' id='word_1_144' title='bbox 282 1958 344 2013; x_wconf 91' lang='lat' dir='ltr'><strong>lium</strong></span> <span class='ocrx_word' id='word_1_145' title='bbox 369 1956 523 2011; x_wconf 83' lang='lat' dir='ltr'><strong>incendisset</strong></span> <span class='ocrx_word' id='word_1_146' title='bbox 546 1974 574 2011; x_wconf 90' lang='lat' dir='ltr'><strong>se</strong></span> <span class='ocrx_word' id='word_1_147' title='bbox 597 1976 670 2011; x_wconf 88' lang='lat' dir='ltr'><strong>reum</strong></span> <span class='ocrx_word' id='word_1_148' title='bbox 694 1958 797 2013; x_wconf 87' lang='lat' dir='ltr'><strong>Atticus</strong></span> <span class='ocrx_word' id='word_1_149' title='bbox 826 1956 964 2022; x_wconf 86' lang='lat' dir='ltr'><strong>obtulerat,</strong></span> <span class='ocrx_word' id='word_1_150' title='bbox 995 1976 1079 2027; x_wconf 79' lang='lat' dir='ltr'><strong>eaque</strong></span> 
     </span>
     <span class='ocr_line' id='line_1_23' title="bbox 282 2032 1078 2105; baseline -0.001 -15"><span class='ocrx_word' id='word_1_151' title='bbox 282 2034 446 2099; x_wconf 87' lang='lat' dir='ltr'><strong>confessione,</strong></span> <span class='ocrx_word' id='word_1_152' title='bbox 460 2035 515 2089; x_wconf 89' lang='lat' dir='ltr'><strong>sive</strong></span> <span class='ocrx_word' id='word_1_153' title='bbox 530 2038 618 2105; x_wconf 90' lang='lat' dir='ltr'><strong>aptum</strong></span> <span class='ocrx_word' id='word_1_154' title='bbox 636 2036 747 2105; x_wconf 87' lang='lat' dir='ltr'><strong>tempori</strong></span> <span class='ocrx_word' id='word_1_155' title='bbox 761 2034 920 2089; x_wconf 87' lang='lat' dir='ltr'><strong>mendacium</strong></span> <span class='ocrx_word' id='word_1_156' title='bbox 936 2032 994 2099; x_wconf 83' lang='lat' dir='ltr'><strong>fuit,</strong></span> <span class='ocrx_word' id='word_1_157' title='bbox 1012 2035 1078 2089; x_wconf 82' lang='lat' dir='ltr'><strong>inri-</strong></span> 
     </span>
     <span class='ocr_line' id='line_1_24' title="bbox 282 2112 1078 2185; baseline 0 -16"><span class='ocrx_word' id='word_1_158' title='bbox 282 2114 350 2169; x_wconf 86' lang='lat' dir='ltr'><strong>diam</strong></span> <span class='ocrx_word' id='word_1_159' title='bbox 362 2113 506 2183; x_wconf 90' lang='lat' dir='ltr'><strong>crimenque</strong></span> <span class='ocrx_word' id='word_1_160' title='bbox 515 2113 649 2184; x_wconf 87' lang='lat' dir='ltr'><strong>agnovisse</strong></span> <span class='ocrx_word' id='word_1_161' title='bbox 661 2118 688 2167; x_wconf 90' lang='lat' dir='ltr'><strong>et</strong></span> <span class='ocrx_word' id='word_1_162' title='bbox 701 2112 840 2185; x_wconf 86' lang='lat' dir='ltr'><strong>apartibus</strong></span> <span class='ocrx_word' id='word_1_163' title='bbox 849 2112 948 2169; x_wconf 89' lang='lat' dir='ltr'><strong>Vitellii</strong></span> <span class='ocrx_word' id='word_1_164' title='bbox 957 2112 1078 2169; x_wconf 84' lang='lat' dir='ltr'><strong>amolitus</strong></span> 
     </span>
     <span class='ocr_line' id='line_1_25' title="bbox 283 2192 426 2248; baseline -0.014 -1"><span class='ocrx_word' id='word_1_165' title='bbox 283 2192 426 2248; x_wconf 86' lang='lat' dir='ltr'><strong>videbatur.</strong></span> 
     </span>
    </p>

    <p class='ocr_par' dir='ltr' id='par_1_3' title="bbox 238 2266 1078 2494">
     <span class='ocr_line' id='line_1_26' title="bbox 238 2266 1078 2339; baseline -0.005 -12"><span class='ocrx_word' id='word_1_166' title='bbox 238 2267 275 2327; x_wconf 81' lang='lat'><strong>76</strong></span> <span class='ocrx_word' id='word_1_167' title='bbox 318 2270 415 2324; x_wconf 88' lang='lat' dir='ltr'><strong>Iisdem</strong></span> <span class='ocrx_word' id='word_1_168' title='bbox 438 2267 529 2323; x_wconf 87' lang='lat' dir='ltr'><strong>diebus</strong></span> <span class='ocrx_word' id='word_1_169' title='bbox 553 2268 582 2321; x_wconf 73' lang='lat' dir='ltr'><strong>Ia</strong></span> <span class='ocrx_word' id='word_1_170' title='bbox 595 2266 724 2333; x_wconf 85' lang='lat' dir='ltr'><strong>Vitellius,</strong></span> <span class='ocrx_word' id='word_1_171' title='bbox 744 2268 834 2339; x_wconf 79' lang='lat' dir='ltr'><strong>positis</strong></span> <span class='ocrx_word' id='word_1_172' title='bbox 856 2266 924 2338; x_wconf 90' lang='lat' dir='ltr'><strong>apud</strong></span> <span class='ocrx_word' id='word_1_173' title='bbox 942 2266 1078 2323; x_wconf 79' lang='lat' dir='ltr'><strong>Feroniam</strong></span> 
     </span>
     <span class='ocr_line' id='line_1_27' title="bbox 283 2344 1077 2415; baseline -0.003 -14"><span class='ocrx_word' id='word_1_174' title='bbox 283 2347 382 2414; x_wconf 83' lang='lat' dir='ltr'><strong>castris,</strong></span> <span class='ocrx_word' id='word_1_175' title='bbox 396 2345 495 2401; x_wconf 84' lang='lat' dir='ltr'><strong>excidio</strong></span> <span class='ocrx_word' id='word_1_176' title='bbox 512 2344 654 2399; x_wconf 80' lang='lat' dir='ltr'><strong>Tarracina</strong></span> <span class='ocrx_word' id='word_1_177' title='bbox 672 2345 827 2408; x_wconf 83' lang='lat' dir='ltr'><strong>imminebat,</strong></span> <span class='ocrx_word' id='word_1_178' title='bbox 844 2344 936 2399; x_wconf 81' lang='lat' dir='ltr'><strong>clarrsis</strong></span> <span class='ocrx_word' id='word_1_179' title='bbox 955 2344 1006 2399; x_wconf 86' lang='lat' dir='ltr'><strong>illic</strong></span> <span class='ocrx_word' id='word_1_180' title='bbox 1024 2344 1077 2415; x_wconf 85' lang='lat' dir='ltr'><strong>glo·</strong></span> 
     </span>
     <span class='ocr_line' id='line_1_28' title="bbox 284 2422 1077 2494; baseline 0 -17"><span class='ocrx_word' id='word_1_181' title='bbox 284 2422 423 2478; x_wconf 89' lang='lat' dir='ltr'><strong>diatoribus</strong></span> <span class='ocrx_word' id='word_1_182' title='bbox 441 2422 639 2494; x_wconf 87' lang='lat' dir='ltr'><strong>remigibusque,</strong></span> <span class='ocrx_word' id='word_1_183' title='bbox 656 2423 700 2492; x_wconf 90' lang='lat' dir='ltr'><strong>qui</strong></span> <span class='ocrx_word' id='word_1_184' title='bbox 717 2441 769 2477; x_wconf 89' lang='lat' dir='ltr'><strong>non</strong></span> <span class='ocrx_word' id='word_1_185' title='bbox 783 2422 869 2493; x_wconf 86' lang='lat' dir='ltr'><strong>egredi</strong></span> <span class='ocrx_word' id='word_1_186' title='bbox 885 2422 977 2487; x_wconf 80' lang='lat' dir='ltr'><strong>moenia</strong></span> <span class='ocrx_word' id='word_1_187' title='bbox 993 2440 1077 2492; x_wconf 88' lang='lat' dir='ltr'><strong>neque</strong></span> 
     </span>
    </p>

    <p class='ocr_par' dir='ltr' id='par_1_4' title="bbox 261 2498 1078 2877">
     <span class='ocr_line' id='line_1_29' title="bbox 261 2498 1077 2571; baseline 0 -18"><span class='ocrx_word' id='word_1_188' title='bbox 261 2500 421 2570; x_wconf 64' lang='lat' dir='ltr'><strong>apericulum</strong></span> <span class='ocrx_word' id='word_1_189' title='bbox 434 2501 462 2554; x_wconf 93' lang='lat' dir='ltr'><strong>in</strong></span> <span class='ocrx_word' id='word_1_190' title='bbox 479 2504 568 2571; x_wconf 86' lang='lat' dir='ltr'><strong>aperto</strong></span> <span class='ocrx_word' id='word_1_191' title='bbox 585 2498 719 2554; x_wconf 89' lang='lat' dir='ltr'><strong>audebant.</strong></span> <span class='ocrx_word' id='word_1_192' title='bbox 756 2500 877 2563; x_wconf 75' lang='lat' dir='ltr'><strong>Praeerat,</strong></span> <span class='ocrx_word' id='word_1_193' title='bbox 890 2503 920 2553; x_wconf 89' lang='lat' dir='ltr'><strong>ut</strong></span> <span class='ocrx_word' id='word_1_194' title='bbox 936 2517 1077 2569; x_wconf 84' lang='lat' dir='ltr'><strong>suprame-</strong></span> 
     </span>
     <span class='ocr_line' id='line_1_30' title="bbox 284 2576 1078 2647; baseline 0.003 -17"><span class='ocrx_word' id='word_1_195' title='bbox 284 2577 444 2644; x_wconf 83' lang='lat' dir='ltr'><strong>moravimus,</strong></span> <span class='ocrx_word' id='word_1_196' title='bbox 468 2578 586 2631; x_wconf 86' lang='lat' dir='ltr'><strong>Julianus</strong></span> <span class='ocrx_word' id='word_1_197' title='bbox 609 2576 801 2647; x_wconf 71' lang='lat' dir='ltr'><strong>gladiatoribus</strong></span> <span class='ocrx_word' id='word_1_198' title='bbox 825 2576 979 2647; x_wconf 86' lang='lat' dir='ltr'><strong>Apollinaris</strong></span> <span class='ocrx_word' id='word_1_199' title='bbox 1002 2576 1078 2632; x_wconf 86' lang='lat' dir='ltr'><strong>remi·</strong></span> 
     </span>
     <span class='ocr_line' id='line_1_31' title="bbox 284 2652 1078 2725; baseline 0.001 -17"><span class='ocrx_word' id='word_1_200' title='bbox 284 2652 367 2724; x_wconf 83' lang='lat' dir='ltr'><strong>gibus,</strong></span> <span class='ocrx_word' id='word_1_201' title='bbox 391 2652 495 2706; x_wconf 84' lang='lat' dir='ltr'><strong>lascivia</strong></span> <span class='ocrx_word' id='word_1_202' title='bbox 518 2653 683 2723; x_wconf 83' lang='lat' dir='ltr'><strong>socordiaque</strong></span> <span class='ocrx_word' id='word_1_203' title='bbox 706 2653 875 2725; x_wconf 87' lang='lat' dir='ltr'><strong>gladiatorum</strong></span> <span class='ocrx_word' id='word_1_204' title='bbox 897 2653 977 2723; x_wconf 82' lang='lat' dir='ltr'><strong>magis</strong></span> <span class='ocrx_word' id='word_1_205' title='bbox 1001 2668 1078 2723; x_wconf 84' lang='lat' dir='ltr'><strong>quam</strong></span> 
     </span>
     <span class='ocr_line' id='line_1_32' title="bbox 285 2728 1078 2803; baseline 0.003 -20"><span class='ocrx_word' id='word_1_206' title='bbox 285 2730 379 2785; x_wconf 91' lang='lat' dir='ltr'><strong>ducum</strong></span> <span class='ocrx_word' id='word_1_207' title='bbox 397 2728 499 2783; x_wconf 87' lang='lat' dir='ltr'><strong>similes.</strong></span> <span class='ocrx_word' id='word_1_208' title='bbox 535 2730 597 2783; x_wconf 89' lang='lat' dir='ltr'><strong>Non</strong></span> <span class='ocrx_word' id='word_1_209' title='bbox 620 2730 718 2800; x_wconf 82' lang='lat' dir='ltr'><strong>rigibus</strong></span> <span class='ocrx_word' id='word_1_210' title='bbox 744 2750 827 2803; x_wconf 86' lang='lat' dir='ltr'><strong>agere,</strong></span> <span class='ocrx_word' id='word_1_211' title='bbox 846 2748 898 2787; x_wconf 91' lang='lat' dir='ltr'><strong>non</strong></span> <span class='ocrx_word' id='word_1_212' title='bbox 914 2730 1078 2796; x_wconf 57' lang='lat' dir='ltr'><strong>intutam&amp;-</strong></span> 
     </span>
     <span class='ocr_line' id='line_1_33' title="bbox 286 2806 1077 2877; baseline 0.004 -19"><span class='ocrx_word' id='word_1_213' title='bbox 286 2806 358 2859; x_wconf 91' lang='lat' dir='ltr'><strong>nium</strong></span> <span class='ocrx_word' id='word_1_214' title='bbox 375 2806 490 2861; x_wconf 74' lang='lat' dir='ltr'><strong>iirmaroz</strong></span> <span class='ocrx_word' id='word_1_215' title='bbox 522 2810 602 2859; x_wconf 87' lang='lat' dir='ltr'><strong>noctu</strong></span> <span class='ocrx_word' id='word_1_216' title='bbox 625 2806 717 2877; x_wconf 89' lang='lat' dir='ltr'><strong>dieque</strong></span> <span class='ocrx_word' id='word_1_217' title='bbox 734 2808 797 2862; x_wconf 82' lang='lat' dir='ltr'><strong>fluxi</strong></span> <span class='ocrx_word' id='word_1_218' title='bbox 815 2813 841 2863; x_wconf 88' lang='lat' dir='ltr'><strong>et</strong></span> <span class='ocrx_word' id='word_1_219' title='bbox 859 2825 956 2862; x_wconf 88' lang='lat' dir='ltr'><strong>amoena</strong></span> <span class='ocrx_word' id='word_1_220' title='bbox 973 2806 1077 2861; x_wconf 88' lang='lat' dir='ltr'><strong>litorum</strong></span> 
     </span>
    </p>
   </div>
   <div class='ocr_carea' id='block_1_3' title="bbox 264 2881 1077 3031">
    <p class='ocr_par' dir='ltr' id='par_1_5' title="bbox 264 2881 1077 3031">
     <span class='ocr_line' id='line_1_34' title="bbox 286 2881 1076 2955; baseline 0.003 -20"><span class='ocrx_word' id='word_1_221' title='bbox 286 2895 458 2951; x_wconf 83' lang='lat' dir='ltr'><strong>personantes,</strong></span> <span class='ocrx_word' id='word_1_222' title='bbox 482 2881 510 2935; x_wconf 91' lang='lat' dir='ltr'><strong>in</strong></span> <span class='ocrx_word' id='word_1_223' title='bbox 526 2882 694 2937; x_wconf 88' lang='lat' dir='ltr'><strong>ministerium</strong></span> <span class='ocrx_word' id='word_1_224' title='bbox 712 2884 787 2939; x_wconf 82' lang='lat' dir='ltr'><strong>luxus</strong></span> <span class='ocrx_word' id='word_1_225' title='bbox 806 2884 925 2955; x_wconf 87' lang='lat' dir='ltr'><strong>dispersis</strong></span> <span class='ocrx_word' id='word_1_226' title='bbox 946 2882 1076 2948; x_wconf 80' lang='lat' dir='ltr'><strong>militibus,</strong></span> 
     </span>
     <span class='ocr_line' id='line_1_35' title="bbox 264 2956 1077 3031; baseline 0.007 -18"><span class='ocrx_word' id='word_1_227' title='bbox 264 2960 320 3013; x_wconf 68' lang='lat' dir='ltr'><strong>ade</strong></span> <span class='ocrx_word' id='word_1_228' title='bbox 343 2956 408 3013; x_wconf 89' lang='lat' dir='ltr'><strong>bello</strong></span> <span class='ocrx_word' id='word_1_229' title='bbox 425 2960 526 3013; x_wconf 87' lang='lat' dir='ltr'><strong>tantum</strong></span> <span class='ocrx_word' id='word_1_230' title='bbox 544 2958 611 3013; x_wconf 86' lang='lat' dir='ltr'><strong>inter</strong></span> <span class='ocrx_word' id='word_1_231' title='bbox 629 2960 744 3015; x_wconf 86' lang='lat' dir='ltr'><strong>convivia</strong></span> <span class='ocrx_word' id='word_1_232' title='bbox 766 2960 943 3031; x_wconf 86' lang='lat' dir='ltr'><strong>loquebantur.</strong></span> <span class='ocrx_word' id='word_1_233' title='bbox 977 2960 1077 3019; x_wconf 77' lang='lat' dir='ltr'><strong>Paucos</strong></span> 
     </span>
    </p>
   </div>
   <div class='ocr_carea' id='block_1_4' title="bbox 0 0 1295 3592">
    <p class='ocr_par' dir='ltr' id='par_1_6' title="bbox 0 0 1295 3592">
     <span class='ocr_line' id='line_1_36' title="bbox 0 0 1295 3592; baseline 0 0"><span class='ocrx_word' id='word_1_234' title='bbox 0 0 1295 3592; x_wconf 95' lang='lat' dir='ltr'><strong> </strong></span> 
     </span>
    </p>
   </div>
  </div>
 </body>
</html>
