2575 3592
191 494 251 535 ω
266 492 292 536 w
301 474 320 543 1,
364 427 614 482 Elsnonlnrtum
633 434 677 481 1v.
695 436 797 483 60-64.
937 434 982 485 19⁷

196 563 249 615 qus
272 543 385 601 somnos
408 544 554 600 fecissent?
590 545 649 613 sn,
671 545 741 601 nnn
763 544 892 601 imru
915 524 1008 612 ms

196 621 337 691 peeimism,
351 626 395 676 snt
407 622 534 677 carissima
545 622 645 679 sibimet
662 624 712 694 ipsi
723 622 884 679 circumdare
919 622 985 681 Qui-

196 698 257 753 dsm
273 698 391 769 expedire
408 717 484 763 arma,
496 699 603 771 telisque
619 704 739 771 tanquam
750 700 777 755 in
788 700 867 755 aciem
878 699 983 771 accingi.

195 776 265 833 Heu
274 774 461 844 meditantibus,
474 776 575 832 advenit
587 777 760 848 proficiscendi
772 778 840 842 hors,
854 781 984 847 exspecta·

194 852 267 909 tione
283 852 389 907 tristior.
426 852 528 923 Quippe
544 853 613 908 intre
635 854 729 909 rollum
749 854 896 909 deformitas
916 852 1009 907 baudt

194 928 300 999 perinde
311 928 445 985 notabilis:
464 929 561 985 deterit
577 930 741 1002 ignominiam
757 949 861 1001 campus
879 936 906 985 et
921 929 983 985 dies.

195 1005 317 1061 Rernlssr
329 1006 514 1076 Imperatorum
525 1007 655 1079 imagines,
663 1008 786 1063 inhonora
793 1008 873 1080 signu,
886 1007 987 1079 fulgen·

194 1082 266 1137 tibus
289 1083 348 1137 bino
370 1083 430 1138 inde
454 1084 582 1139 Gnllorum
605 1085 719 1139 vexillis:
738 1085 814 1139 silens
837 1103 935 1157 agmen,
956 1088 984 1140 et

194 1158 269 1215 uelut
282 1158 365 1230 longe
381 1160 522 1232 exsequio:
547 1160 599 1215 dux
615 1160 736 1215 theudius
756 1162 872 1229 Sanctus,
891 1162 984 1217 effosso

194 1235 285 1293 oculo:
315 1235 385 1291 dirus
407 1255 458 1303 ore,
483 1236 584 1308 ingenio
607 1238 719 1294 debilior.
758 1238 909 1309 Duplioatnr
937 1239 1006 1295 tis-5

193 1312 297 1384 gitium,
312 1317 453 1384 postquam,
470 1312 576 1369 desertis
596 1314 773 1369 Bonnensibus
789 1314 886 1379 eastris,
903 1315 983 1370 nitere

194 1408 225 1447 se
248 1388 315 1460 legio
335 1390 479 1445 miscuerat.
515 1391 558 1457 nt,
583 1392 686 1464 vulg-ts
707 1396 837 1464 capturum
855 1391 983 1463 legionum

194 1466 273 1530 mma,
286 1466 379 1533 eunom
391 1467 434 1537 qui
445 1469 521 1539 paulo
533 1472 593 1523 ante
608 1468 782 1523 Romanorum
793 1486 886 1523 nomen
896 1469 984 1523 horre-

194 1542 268 1607 bant,
285 1548 461 1613 procurrentes
479 1564 512 1599 er
527 1546 594 1617 egris
610 1548 737 1617 tect'uquo
748 1550 776 1601 et
787 1545 899 1617 undique
909 1545 984 1600 etiusi

194 1621 300 1676 insolito
318 1622 461 1692 speotsoulo
476 1624 582 1679 nimium
598 1624 757 1679 fruebantur.
792 1624 853 1679 Non
868 1624 929 1679 tuht
945 1624 1007 1681 slas

194 1698 331 1754 Picentina
342 1700 461 1771 gaudium
476 1700 623 1756 insultantis
637 1702 724 1773 vulgi:
743 1701 885 1774 spretisque
898 1702 985 1757 Sancti

193 1775 327 1848 promissis
346 1780 390 1831 aut
413 1776 495 1845 minis,
518 1778 708 1849 Mogontiacum
731 1779 841 1835 abeunt:
865 1797 895 1834 ac
917 1779 985 1834 forte

193 1853 271 1909 obvio
289 1854 453 1909 interfectore
467 1855 579 1920 Voculae,
598 1856 725 1927 Longino,
743 1856 864 1926 conjectis
881 1857 908 1911 in
926 1875 986 1911 enm

192 1931 261 1997 tetis,
285 1931 388 1986 initium
411 1931 568 1987 exsolvendo
588 1932 616 1988 in
638 1938 769 2005 posterum
791 1934 871 2004 culpe
893 1933 984 1989 fecere.

193 2008 336 2078 logiones,
348 2007 411 2063 nihil
422 2013 521 2063 mutato
532 2008 631 2079 itinere,
642 2017 702 2066 ante
712 2012 805 2067 moenia
819 2012 987 2067 iheremmm

194 2084 340 2139 considunt.

233 2158 320 2215 Civilis
336 2164 363 2216 et
379 2162 513 2229 Classicus,
530 2163 606 2219 rebus
622 2163 740 2219 secundis
758 2163 859 2228 sublati,
878 2181 910 2217 an
921 2162 1031 2217 colotis

194 2236 266 2292 niam
283 2238 493 2309 Agrippinensem
508 2240 673 2311 diripiendam
688 2240 841 2295 exercitibus
860 2239 913 2295 suis
930 2258 988 2309 per·

193 2314 339 2381 mitterent,
367 2315 520 2371 dubitavere.
558 2317 661 2373 Saevitia
689 2317 785 2388 ingenii
812 2321 840 2371 et
869 2316 986 2387 cupidine

193 2390 289 2463 predis
312 2390 345 2445 ad
367 2392 493 2447 excidium
515 2392 626 2449 ciuitatis
655 2394 836 2449 trahebantur:
867 2392 986 2449 obstabat

194 2468 262 2523 ratio
285 2467 353 2533 bebi,
377 2473 404 2523 et
426 2488 520 2525 novum
543 2470 683 2539 Imperium
711 2469 887 2525 inchoantibus
915 2470 985 2526 utilis

196 2546 336 2601 clementie
348 2546 421 2602 fama
453 2548 556 2603 (tirilem
568 2549 644 2603 etiam
656 2548 770 2604 beneficii
777 2548 897 2604 memorie
907 2550 1008 2617 benite

197 2622 265 2694 quod
282 2623 362 2679 fllium
376 2626 439 2693 ejus,
456 2624 537 2695 primo
554 2644 639 2680 rernm
652 2631 732 2690 motu,
744 2625 772 2679 in
785 2625 884 2680 colonia
894 2626 986 2697 Agrip-

196 2700 296 2771 pinensi
305 2700 495 2773 deprebensum,
507 2702 627 2757 honorate
636 2702 816 2759 custodierant.
834 2703 885 2759 Sed
896 2705 1007 2758 'ibone-3

197 2776 316 2832 rhenanis
339 2779 459 2849 gentibus
481 2779 563 2833 inrisa
581 2779 679 2841 civitas,
699 2780 827 2851 opulentia
850 2787 984 2851 suetoque.

196 2854 291 2925 Neque
308 2854 384 2909 alium
401 2856 477 2910 finem
492 2855 552 2911 belli
568 2856 696 2922 rebantur,
713 2876 789 2929 qnam
806 2858 829 2913 si
844 2857 986 2929 promiscue

197 2950 229 2987 ea
244 2929 318 2986 sedus
333 2932 449 2987 omnibus
468 2933 599 2989 Gennanis
611 2934 685 3002 foret,
701 2940 754 3001 aut,
771 2934 883 3006 disjecta
903 2933 985 2989 Ubios

199 3026 301 3084 queque
323 3008 490 3082 munisse.
525 3011 610 3083 Igitur
626 3014 751 3080 Tencteri,
769 3014 861 3069 Rheno
877 3010 1029 3067 domans
