2575 3592
384 383 434 434 DE
451 385 678 434 oaauonlnns
696 387 799 434 tt-td.
944 389 993 440 317
1106 451 1108 460 ,

182 507 248 566 tur,
259 497 444 554 wutron-etsie
455 496 640 554 robustioribus
658 496 826 568 assignantur,
839 496 933 568 quales,
946 517 993 569 per

184 577 284 639 tidem,
298 579 325 628 et
340 592 413 644 qnam
431 573 610 629 incredibiliter
627 573 787 644 composita!
808 574 929 642 Sequitur
948 595 992 630 an·

185 661 257 718 tem,
267 655 303 706 ut
312 650 424 704 materie
435 650 605 706 abhorrentia
615 649 723 705 veritate
732 649 880 704 declamatio
891 669 990 724 quoque

187 729 360 786 adhibeatur.
397 726 439 782 ste
450 727 480 782 fit
495 733 525 782 nt
542 726 756 798 tyrannicidarum
774 726 936 797 preminent
952 730 1016 783 vic
1114 785 1115 792 ,

187 809 325 863 natarum
336 802 470 858 electiones
486 808 533 858 aut
543 803 694 874 pestilentia
708 801 819 857 remedia
835 808 880 858 aut
895 803 992 860 inceste

188 890 326 943 matrum,
348 885 393 936 aut
416 879 537 952 quicquid
558 880 586 935 in
608 879 695 936 schola
717 879 830 950 quotidie
853 880 944 952 egitur,
965 883 993 936 in

188 961 254 1016 loro
279 955 322 1012 val
341 974 399 1012 raro
421 956 462 1012 rel
481 975 618 1028 uunquam,
639 956 785 1028 ingentibus
806 955 889 1012 verbis
909 975 993 1028 perse·

189 1039 332 1110 quantun
349 1051 408 1088 cum
423 1032 456 1088 ad
470 1051 545 1088 seros
560 1033 659 1104 judiees
676 1037 779 1088 ventum
791 1033 810 1070 ⁶
821 1034 839 1070 ⁵
850 1034 868 1070 ⁵
884 1051 938 1089 rem
951 1053 994 1090 eo-

190 1115 295 1186 gitaut,
308 1109 373 1164 nibil
384 1109 478 1164 humile
489 1109 530 1164 rel
542 1109 669 1180 abjectum
681 1109 764 1181 eloqui
775 1113 884 1180 poterat.
1122 1134 1123 1140 ¹

238 1191 257 1220 “
271 1187 372 1258 Magna
386 1186 537 1258 eloquentia,
549 1187 616 1242 nont
632 1187 739 1252 flamma,
751 1187 859 1242 materiis
874 1187 951 1243 alitur
966 1192 993 1244 et
1002 1191 1042 1248 86
1080 1205 1082 1216 ·

192 1263 317 1324 motibus
336 1262 462 1318 excitatur
484 1269 512 1318 et
535 1263 631 1318 urendo
655 1263 777 1319 clarescit.
812 1263 906 1320 Eadem
928 1266 994 1320 ratio
1125 1277 1126 1288 ¹

193 1345 224 1402 in
236 1346 332 1398 nostra
341 1358 442 1412 quoque
458 1340 563 1396 civitate
578 1341 740 1412 antiquomm
756 1339 924 1412 eloquentiam
936 1360 995 1412 pro·

194 1419 280 1476 vexit.
318 1416 386 1472 Nam
397 1417 448 1472 etsi
461 1415 552 1472 luorum
564 1435 666 1490 qnoque
682 1423 825 1487 temporum
840 1423 952 1473 oratores
964 1437 995 1474 ea

195 1494 334 1554 oomeouti
346 1498 414 1558 suut,
425 1512 481 1564 qua
492 1494 633 1564 composita
643 1499 671 1550 et
683 1494 769 1566 quieta
780 1499 806 1550 et
818 1494 892 1550 beata
903 1495 995 1566 repub-

196 1575 250 1630 lica
261 1569 344 1628 tribui
354 1570 393 1626 las
410 1574 473 1636 erat,
485 1575 571 1626 tamen
587 1570 631 1626 illa
645 1570 835 1643 perturbatione
851 1589 881 1626 ue
892 1572 995 1628 lieentia

197 1651 279 1723 plura
295 1647 344 1702 sibi
362 1647 463 1720 assequi
477 1647 637 1713 videbantur,
650 1667 716 1713 eum,
730 1647 816 1702 mixtis
833 1648 949 1704 omuibus
967 1653 994 1704 et
1032 1681 1035 1692 ·

198 1725 364 1784 moderatore
375 1743 427 1779 uuo
434 1723 587 1790 carentibus,
596 1729 698 1780 tantum
710 1725 816 1796 quisque
827 1729 912 1780 orator
924 1743 995 1796 sape·

198 1811 251 1870 ret,
264 1806 389 1876 quantum
401 1801 496 1856 emanti
513 1801 608 1873 populo
623 1801 769 1872 persuaderi
780 1807 888 1873 poterat.
924 1803 1021 1862 ffinon

199 1881 273 1954 leges
285 1877 393 1934 assidue
404 1882 431 1933 et
442 1877 563 1949 populare
573 1895 674 1944 nomeu,
687 1878 746 1934 hino
757 1879 890 1934 eonoiones
902 1881 995 1953 mugis-

200 1963 320 2016 tratuum
336 1973 408 2026 pene
425 1955 629 2026 pernoctantium
644 1956 673 2010 in
687 1956 797 2022 Rostris,
816 1957 875 2012 hino
888 1969 994 2012 accusa:

202 2037 290 2090 tiones
306 2032 450 2103 putentium
466 2050 567 2086 reorum
583 2036 611 2088 et
628 2033 763 2104 assmuuta
784 2033 859 2088 etiam
877 2033 995 2089 domibus

203 2109 352 2174 inimicitie,
368 2107 427 2164 bino
443 2125 575 2181 prooemm
590 2108 722 2176 lectiones,
734 2113 761 2164 et
776 2109 877 2164 assidue
890 2115 994 2166 senatus

204 2187 327 2244 adversus
337 2184 435 2256 plebem
447 2183 593 2240 oertaminu.
626 2185 692 2245 (lue
704 2185 803 2255 singula
813 2185 863 2242 etsi
873 2185 1023 2246 distrahe-'3

205 2266 269 2321 baut
282 2260 468 2332 rempublioam,
478 2261 629 2317 exercebant
641 2266 727 2317 tamen
742 2251 995 2334 illummbempomm

207 2337 376 2413 eloquentiam
394 2345 421 2393 et
438 2338 536 2409 magnis
559 2337 688 2394 cumulare
711 2339 822 2410 premiis
836 2339 994 2408 videbantur,
1018 2365 1023 2382 ¹

208 2418 269 2489 quie
286 2418 379 2486 quanto
396 2414 503 2486 quisque
519 2413 578 2486 plus
596 2413 702 2470 diueudo
719 2420 828 2486 poterat,
844 2421 917 2473 tauto
935 2419 995 2474 laei-

209 2493 258 2550 lius
275 2492 382 2547 honores
398 2491 588 2562 assequebatur,
603 2494 677 2546 tanto
693 2492 774 2563 magis
791 2493 818 2548 in
834 2492 897 2564 ipsis
914 2495 995 2552 hono·

211 2571 281 2626 ribus
299 2567 406 2640 collegas
426 2586 486 2623 suos
506 2567 626 2635 anteibat,
643 2571 717 2623 tanto
737 2569 796 2640 plus
815 2569 882 2642 apud
904 2574 998 2643 prinei·
1076 2595 1079 2602 ·

173 2690 174 2709 ,
212 2665 256 2719 pes
273 2644 366 2717 gratie,
382 2645 439 2716 plus
456 2644 615 2700 auctoritatis
630 2644 698 2714 apud
715 2651 808 2716 patres,
824 2648 881 2718 plus
898 2650 996 2706 notitia

175 2771 176 2778 ,
215 2742 243 2780 ae
258 2721 362 2778 nominis
380 2721 448 2792 apud
463 2720 561 2792 plebem
577 2720 689 2792 parabat,
725 2722 763 2777 Hi
780 2723 901 2780 clientelis
917 2726 1019 2788 etiamn

216 2805 351 2855 exterarum
369 2798 502 2853 nationum
523 2796 715 2864 redundabaut;
733 2799 780 2854 hos
803 2801 863 2856 ituri
886 2801 913 2856 iu
936 2821 996 2873 pro-
1018 2821 1022 2828 ·

217 2876 306 2932 cincius
316 2873 478 2946 magistratus
490 2874 678 2940 reverebuntur,
692 2876 737 2931 hos
754 2877 848 2932 reversi
860 2877 997 2948 colebant3

219 2953 262 3012 boa
272 2957 298 3010 et
310 2960 425 3026 preturre
438 2955 466 3008 et
481 2951 626 3008 consulatus
641 2969 731 3008 vocare
745 2953 812 3009 ultro
827 2953 978 3014 videbantur
986 2979 997 3028 ς
