2575 3592
297 379 343 429 166
398 394 404 407 ·
628 374 749 423 ΤΑΟΙΤΙ

920 436 957 485 [r.
965 436 996 475 u.
1005 436 1028 475 e.
1039 435 1087 476 arr.

294 490 354 560 ast)
378 488 484 544 duarum
507 486 649 543 cohortium
677 486 789 552 hiberna,
813 485 928 557 proriam
950 491 1087 556 occupatu,

294 567 396 622 Oceano
411 565 537 636 irrumpit.
574 565 630 619 Nec
647 563 815 635 praeviderant
832 564 955 634 impeturn
972 564 1088 619 hosfium

293 644 401 710 milites;
419 661 474 708 noc,
487 643 509 697 si
528 642 710 713 praevidissent,
723 642 786 696 satis
795 641 887 695 virium
904 640 937 694 ad
949 640 1089 697 meandum

270 725 355 795 terat.
394 721 477 793 Capta
501 719 580 791 igitur
603 738 632 773 ac
656 718 756 791 direpta
778 724 869 773 castra
905 718 975 773 Dein
996 736 1088 791 vagos,

292 802 319 853 et
335 798 405 869 pacis
420 796 495 851 modo
515 797 616 865 effusos,
633 794 697 851 liras
714 797 936 867 negotiatoresque
954 797 1088 851 Romanos

292 876 423 930 invadunt.
455 874 535 929 Simul
546 874 651 929 excidiis
663 873 823 929 castellonrm
835 873 1013 939 imminebant;
1027 892 1089 944 quse

292 971 307 1005 a
320 952 446 1023 praefectis
458 952 600 1007 cohortium
612 952 715 1006 incensa
725 957 795 1016 sunt,
808 951 868 1021 quia
882 950 984 1005 defendi
994 952 1091 1022 nequi·

268 1029 360 1085 6bant.
398 1029 476 1101 Signa
487 1028 628 1099 vexillaque
640 1035 666 1083 et
679 1028 747 1099 quod
757 1028 868 1083 militum
884 1029 912 1083 in
927 1028 1089 1099 superiorem

290 1106 380 1161 insulae
399 1111 497 1177 partem
514 1110 709 1177 congregantur,
724 1105 789 1161 duce
806 1105 909 1177 Aquilio
925 1106 1087 1176 primipilari,

289 1201 382 1238 nomen
399 1183 480 1253 magis
498 1184 626 1239 exercitus
650 1202 725 1254 quam
749 1182 841 1238 robur:
860 1183 961 1253 quippe,
984 1183 1089 1239 viribus

289 1262 431 1317 cohortium
455 1261 578 1327 abductis,
602 1262 723 1317 Vitellius
747 1281 762 1317 e
782 1262 903 1332 proximis
927 1262 1088 1319 Nerviorum

274 1339 521 1411 ¹Germanorumque
539 1339 610 1409 pagis
628 1358 732 1410 segnem
748 1358 882 1394 numerum
899 1340 975 1394 armis
992 1356 1090 1407 onera-

246 1420 367 1475 16verat.
404 1412 499 1483 aivins,
517 1416 575 1471 dolo
591 1416 757 1486 grassandm
773 1421 853 1481 ratus,
869 1416 995 1471 incusavit
1012 1417 1089 1473 ultro

288 1495 420 1564 praefectos
441 1493 509 1564 quod
526 1492 629 1549 castella
652 1494 838 1566 deseruissent:
859 1499 940 1548 “sese
957 1512 1018 1549 cum
1042 1513 1088 1550 oc

287 1570 368 1637 horte,
386 1571 427 1626 cui
439 1574 553 1641 praerat,
568 1570 759 1625 Canninefatem
771 1570 910 1625 tumultum
923 1588 1088 1647 compressu-

264 1656 361 1713 2rum3
390 1648 427 1703 illi
446 1666 492 1703 sua
511 1648 618 1719 quisque
638 1646 744 1702 hiberna
763 1649 932 1718 repeterent.'’
969 1647 1088 1706 Subease

285 1724 400 1779 fraudem
417 1724 520 1779 consilio
538 1730 564 1779 et
577 1724 704 1795 dispersas
717 1724 835 1779 cohortes
846 1724 944 1779 facilius
960 1726 1085 1795 opprimi,

285 1819 332 1856 nec
344 1802 498 1857 Brinnonem
508 1802 598 1857 ducem
611 1803 665 1873 ejus
675 1802 735 1857 belli
746 1802 792 1857 sed
801 1802 907 1857 Civilem
916 1820 973 1857 esse
985 1805 1085 1873 patuit,

285 1878 475 1948 erumpentibus
487 1879 609 1949 paulatim
617 1878 725 1945 indiciis,
733 1898 790 1949 quae
803 1880 931 1943 Germani,
942 1878 1004 1934 heta
1015 1880 1086 1953 bello

259 1972 356 2025 3gens,
369 1973 420 2011 nou
438 1954 482 2010 diu
498 1956 696 2011 occultaverant.
736 1956 787 2012 Ubi
804 1956 902 2011 insidia
918 1975 1012 2027 parum
1028 1976 1086 2013 ces·

284 2049 347 2097 sere,
361 2031 393 2085 ad
404 2032 456 2087 rim
467 2037 642 2104 transgressus
655 2033 843 2101 Canninefates,
853 2034 956 2102 Frisios,
965 2035 1086 2092 Batavos

284 2108 394 2180 propriis
418 2109 505 2164 cuneis
528 2109 666 2181 componit.
702 2111 808 2165 Direota
831 2130 863 2166 ex
887 2110 987 2167 diverso
1013 2115 1086 2169 acies

284 2184 352 2241 haud
370 2188 458 2257 procul
477 2205 491 2241 a
509 2187 614 2241 flumine
636 2187 735 2255 Rheno,
754 2188 780 2242 et
798 2187 912 2243 obversis
929 2189 957 2243 in
976 2188 1086 2246 hostem

261 2262 396 2328 suavibus,
411 2282 482 2335 quas,
495 2264 605 2319 incensis
617 2264 736 2330 castellis,
749 2264 811 2319 illuc
826 2265 984 2336 appulerant.
1022 2267 1085 2324 Nee
1129 2313 1130 2324 .

282 2338 327 2393 diu
342 2344 439 2397 certato
455 2341 616 2412 Tungrorum
634 2341 724 2396 cohors
743 2342 816 2413 signa
830 2342 863 2396 ad
875 2342 982 2397 Civilem
994 2347 1085 2401 nens
1128 2383 1129 2404 ,

281 2416 342 2471 tulit
350 2438 357 2481 ;
376 2417 535 2489 perculsique
550 2418 643 2473 milites
659 2418 797 2489 improvisa
812 2418 955 2489 proditioue
972 2424 1082 2478 asociis

253 2491 448 2563 ohostibusque
468 2494 636 2551 cedebantur.
673 2494 770 2551 Eadem
790 2496 866 2551 etlam
887 2496 997 2552 navibus
1020 2516 1085 2569 per·

281 2568 347 2623 fidia
383 2570 446 2625 Pars
469 2572 594 2643 remigum
618 2590 632 2627 e
656 2571 770 2639 Batavis,
793 2578 914 2644 tanquam
938 2574 1083 2645 imperitia,

281 2645 362 2699 officia
372 2651 507 2701 nautarum
518 2652 787 2721 propugnatorumque
799 2650 978 2721 impediebant.
1010 2652 1081 2708 Mox

280 2725 370 2776 contra
389 2721 500 2787 tendere,
525 2728 551 2778 et
575 2744 673 2796 puppes
690 2727 778 2782 hostili
794 2730 857 2799 ripae
874 2728 997 2799 objicere.
1035 2732 1078 2787 Ad

282 2804 438 2867 postremum
462 2798 644 2869 gubernatores
668 2804 887 2875 centurionesque,
912 2804 961 2859 nisi
987 2806 1081 2862 eadem

280 2872 400 2941 volentes,
422 2874 550 2929 trucidant
571 2875 652 2933 donee
671 2880 790 2935 universa
807 2886 917 2952 quatuor
936 2884 964 2936 et
981 2882 1081 2952 viginti

239 2948 382 3006 l7narium
405 2950 492 3006 elassis
514 2952 687 3024 transfugeret
704 2959 752 3011 aut
769 2962 911 3029 caperetur.
947 2957 1026 3015 Clam
1043 2978 1077 3018 es
