2575 3592
190 397 210 465 .'
284 429 317 475 ιι
349 414 369 474 ζ.
437 432 440 436 ·
621 426 742 475 racrrr

285 538 372 592 statim
390 537 595 609 adjungerentur.
633 537 676 624 lle
693 537 720 592 in
737 536 870 592 Britannia
887 488 991 620 quideirl
1001 488 1078 593 lillibi

197 691 204 700 ’
237 620 433 757 (totalVi-naeerat
449 689 593 745 'liebellius
605 691 742 756 Maximus,
755 671 801 762 per
813 691 943 746 avaritiam
959 709 990 746 ac
1004 691 1078 746 sorde

286 771 448 838 contemptus
456 768 578 822 exercitui
589 767 743 838 invisusque.
756 767 918 824 Accendebat
927 767 1013 824 odium
1022 757 1078 842 ejus

286 844 396 900 Roscius
412 844 505 898 Caelius
523 844 623 915 legatus
634 845 759 900 vicesimae
771 844 885 916 legionis,
897 845 957 900 olim
972 845 1077 910 discors,
1146 879 1147 902 ι

287 921 332 976 sed
355 921 485 976 occasione
509 921 619 976 civilium
639 939 765 976 armorum
786 921 897 976 atrocius
920 928 1078 994 prorjuperat.

176 1027 186 1040 -·
264 998 427 1053 2'Prebellius
449 997 598 1053 seditionem
615 1002 642 1054 et
659 998 792 1054 confusum
810 998 923 1054 ordinem
940 999 1080 1070 discipline

289 1076 374 1141 Catio,
399 1075 519 1146 spoliatas
543 1080 570 1130 et
593 1075 681 1151 iuopes
704 1075 816 1146 legiones
839 1075 931 1130 Caelius
954 1076 1080 1132 Trebellio

288 1152 440 1224 objectabat,
456 1170 513 1207 eum
526 1152 628 1208 interim
640 1152 713 1208 scedis
734 1152 876 1223 legatorum
897 1153 1078 1210 certaminibus

287 1230 413 1286 modestia
424 1230 550 1285 exercitus
563 1233 690 1300 corrupta,
702 1247 782 1300 eoque
792 1228 923 1302 discordiae
932 1234 1036 1286 ventum
1049 1235 1080 1287 ut

288 1307 447 1363 auxiliarium
460 1325 560 1379 quoque
578 1307 688 1361 militum
712 1306 830 1360 conviciis
854 1307 1027 1376 proturbatus,
1053 1312 1080 1363 et

289 1384 486 1458 aggregantibus
510 1403 538 1439 se
561 1383 639 1438 calio
662 1383 809 1438 cohortibus
833 1382 935 1454 alisque,
963 1383 1080 1440 desertus

266 1462 429 1518 a'lrebellius
448 1461 481 1516 ad
500 1460 634 1515 Vitellium
654 1460 802 1532 perfugerit.
838 1459 920 1519 Quies
943 1461 1081 1532 provinciae

290 1558 433 1612 quanquam
450 1543 548 1593 remoto
565 1537 691 1592 consulari
709 1537 816 1592 mansit:
841 1555 929 1592 rexere
946 1537 1027 1610 legati
1044 1539 1082 1594 le-

289 1618 400 1689 gionum,
414 1635 487 1686 pares
496 1616 561 1686 jure,
575 1615 668 1670 Caelius
681 1613 795 1669 audendo
808 1615 942 1684 potentior.

245 1701 279 1755 61
324 1689 456 1765 Adiuncto
467 1695 616 1750 Britannico
633 1694 755 1758 exercitu,
768 1693 857 1764 iugens
870 1694 966 1750 viribus
978 1695 1084 1766 opibus·

290 1791 339 1844 que
353 1771 473 1826 Vitellius
490 1771 553 1826 duos
569 1772 654 1837 duces,
674 1771 724 1826 duo
744 1771 836 1826 itinera
852 1770 918 1826 bello
934 1771 1083 1829 destinarit.

290 1850 383 1906 Fabius
392 1849 487 1904 Valens
499 1849 606 1915 allicere,
618 1849 666 1914 vel,
677 1849 700 1903 si
711 1848 857 1914 abnuerent,
869 1853 968 1905 vastare
978 1850 1083 1918 Gallias,

290 1933 318 1983 et
330 1927 456 1982 Cottianis
468 1926 575 1997 Alpibus
587 1926 690 1981 Italiam
701 1926 848 1997 irrumpere,
856 1926 956 1982 anciua
964 1929 1085 1999 propiore

268 2004 409 2068 atmnsitu,
419 2003 531 2058 Poeniuis
540 2003 609 2074 jugis
617 2002 721 2074 degredi
730 2003 825 2074 jussus.
844 2003 946 2058 Valenti
955 2004 1085 2060 interioris

292 2081 418 2137 exereitus
426 2080 509 2142 electi,
518 2098 575 2134 oum
586 2080 670 2150 aquila
679 2080 773 2150 quintae
782 2079 888 2152 legionis
896 2084 923 2136 et
935 2081 1085 2137 cohortibus

292 2160 395 2231 alisque,
408 2157 441 2212 ad
452 2156 620 2229 quadraginta
630 2157 709 2212 millia
720 2161 872 2212 armatorum
885 2157 945 2212 data
955 2178 962 2224 ς
974 2158 1087 2230 triginta

292 2237 370 2290 millia
388 2235 488 2290 Gaeoina
506 2253 521 2290 e
539 2235 668 2306 superiore
690 2235 824 2290 Germania
841 2235 956 2302 ducebat,
974 2253 1086 2305 quorum

270 2313 371 2372 arobur
381 2313 447 2384 legio
459 2331 516 2377 una,
530 2312 612 2383 prima
622 2317 650 2367 et
662 2311 788 2376 vicesima,
802 2312 859 2367 fuit.
872 2311 968 2367 Addita
979 2313 1086 2383 utrique

294 2391 477 2446 Germanorum
500 2389 601 2456 auxilia,
619 2407 634 2444 e
655 2387 746 2460 quibus
765 2389 883 2444 Vitellius
902 2407 960 2444 suas
981 2408 1087 2461 quoque

249 2464 285 2518 62
294 2467 379 2536 copias
391 2466 524 2536 supplevit,
537 2471 594 2520 tcta
609 2465 675 2520 mole
687 2465 746 2520 belli
763 2469 903 2520 secuturus.
934 2465 1003 2520 Mira
1014 2467 1087 2522 inter

295 2542 432 2600 exereitum
453 2543 680 2614 imperatoremque
704 2542 844 2597 diversitas.
879 2543 981 2598 Instare
1000 2543 1086 2611 miles,

295 2638 365 2675 arma
383 2637 492 2690 poscere,
516 2619 577 2674 dum
601 2620 688 2675 Galliae
711 2619 846 2690 trepident,
866 2619 926 2674 dum
949 2620 1087 2692 Hispaniae

272 2700 455 2752 2ounotentur.
491 2696 553 2750 Non
563 2697 664 2751 obstare
676 2697 783 2752 hiemem
795 2715 877 2767 neque
897 2697 994 2768 ignave
1011 2702 1088 2768 pacis

295 2792 386 2828 moras.
421 2772 593 2827 invadendam
604 2773 713 2838 Italiam,
726 2773 896 2844 occupandam
908 2774 1003 2828 urbem.
1034 2775 1089 2830 Ni·

295 2849 371 2905 hilin
382 2848 512 2904 disoordiis
524 2849 638 2904 ciuilibus
659 2849 821 2908 festinatione
841 2850 931 2916 tutius,
951 2851 995 2905 ubi
1013 2849 1090 2908 iacto

272 2933 376 3005 imagis
388 2953 462 3006 quarn
477 2933 592 2989 oonsnlto
610 2951 675 3003 opus
695 2939 771 2988 esset.
806 2931 933 3002 'torpebat
953 2931 1087 3000 Vitellius,

296 3016 323 3068 et
336 3012 465 3068 fortunam
476 3011 631 3083 principatus
651 3009 728 3063 inerti
746 3009 808 3064 luxu
828 3026 858 3063 no
872 3008 984 3079 prodigis
1000 3009 1089 3078 epulis

295 3089 472 3164 presumebat,
488 3086 572 3144 medio
592 3085 642 3140 diei
661 3084 815 3140 temulentus
835 3089 861 3139 et
882 3085 969 3154 sagina
987 3086 1088 3154 gravis,
1146 3121 1147 3144 ι
