2575 3592
181 504 204 540 A
223 502 242 542 D
259 501 304 552 ω]
364 437 618 486 HISTORIARUM
636 437 672 486 Il.
693 440 794 486 14-18.
949 441 978 488 61

180 571 259 607 suam
282 549 452 622 reputabant:
478 551 586 606 insulam
608 569 665 606 esse
689 569 764 622 qnam
788 549 937 616 incolerent,
957 555 985 606 et

181 625 262 700 longe
275 628 433 683 Gennaniam
441 629 558 700 viresque
570 629 714 700 legionum3
734 627 847 699 direptos
860 633 983 683 vastatos·

182 724 238 778 que
250 706 329 761 classe
338 705 414 762 etium
427 724 491 777 quos
503 706 620 760 cohortes
632 705 727 776 alaeque
740 710 912 776 protegerent.
948 706 1008 761 ute

183 777 271 833 aversi
282 780 386 848 repente
398 777 474 831 animi
486 797 493 842 3
510 795 558 831 nec
575 780 661 830 tamen
674 781 761 846 aperta
773 775 807 841 vi,
821 779 909 846 aptum
921 779 984 830 tem-

182 873 237 926 pus
249 853 348 909 insidiis
359 853 451 924 legere.
487 853 617 924 Digressis
630 853 672 924 qui
687 853 819 908 Pacarium
838 853 985 924 frequenta-

183 932 260 999 baut,
271 929 355 985 nudus
368 934 394 986 et
407 930 494 986 auxilii
511 931 584 1002 inops
600 930 706 985 balineis
723 930 890 997 interficitur;
908 931 985 986 truci·

185 1008 245 1064 dati
256 1010 283 1063 et
299 1008 412 1064 comites.
449 1007 547 1078 Capita,
560 1012 591 1062 ut
605 1007 725 1073 hostium,
741 1007 791 1078 ipsi
806 1008 1010 1068 interfectorese

185 1088 224 1143 ad
236 1087 365 1142 Othonem
376 1084 473 1152 tulere;
492 1103 574 1156 neque
586 1104 629 1140 eos
641 1091 686 1138 aut
699 1085 768 1140 Otho
786 1086 888 1156 praemio
900 1086 985 1142 affecit

186 1169 237 1220 aut
249 1164 334 1236 puniit
346 1161 476 1228 Vitellius,
489 1162 517 1216 in
534 1162 616 1217 multa
631 1162 738 1218 colluvie
750 1181 834 1218 rerum
846 1163 985 1236 majoribus

186 1241 297 1312 damtiis
309 1241 455 1312 permixtos.

228 1320 372 1390 Aperuerat
389 1317 442 1388 jam
465 1316 567 1371 Italiam
589 1316 735 1388 bellumque
755 1318 937 1386 transmiserat,
956 1320 987 1372 ut
998 1315 1033 1375 17

189 1415 273 1468 supra
295 1394 495 1460 memoravimus,
520 1394 560 1448 ala
590 1393 690 1459 Siliana,
716 1394 785 1449 nullo
809 1395 876 1466 apud
900 1414 986 1468 quern-

190 1492 272 1546 quam
289 1472 399 1527 Othonis
415 1472 509 1538 favore,
522 1490 569 1528 nec
583 1472 643 1544 quia
654 1471 787 1527 Vitellium
804 1472 923 1527 mallent:
943 1472 989 1528 sed

190 1551 274 1623 longa
287 1569 338 1622 pax
349 1549 382 1604 ad
392 1567 467 1605 omne
481 1550 612 1604 servitium
628 1551 748 1622 fregerat,
765 1549 851 1604 faciles
866 1568 988 1621 occupau·

192 1627 267 1684 tibus
285 1630 312 1682 et
325 1625 470 1683 melioribus
485 1626 632 1681 incuriosos.
668 1625 887 1681 Florentissimum
906 1627 1012 1684 Italica

194 1707 274 1770 latus,
296 1708 419 1776 quantum
439 1703 506 1758 inter
524 1702 622 1758 Padum
641 1702 770 1774 Alpesque
794 1721 938 1775 camporum
962 1709 989 1758 et

193 1781 307 1847 urbium,
320 1781 396 1836 armis
412 1780 510 1836 Vitellii
527 1787 646 1852 (namque
663 1785 690 1836 et
705 1781 841 1852 premisse
857 1799 872 1836 a
890 1781 991 1836 Caecina

194 1861 316 1917 cohortes
336 1857 510 1927 advenerant)
530 1857 673 1912 tenebatur.
710 1857 791 1928 Capta
802 1859 990 1914 Pannoniorum

195 1938 289 1994 cohors
307 1935 375 2007 apud
390 1936 554 2000 Cremonam
577 1934 713 2006 intercepti
728 1939 830 1990 centum
847 1936 945 2006 equites
961 1955 991 1992 ac

180 2015 267 2072 ‘mille
281 2013 380 2068 classici
396 2013 464 2068 inter
479 2012 634 2066 Placentiam
652 2011 824 2083 ticinumque.
861 2013 921 2072 Quo
933 2018 1014 2070 suc-8

197 2109 275 2148 cessu
285 2089 438 2145 Vitellianus
452 2088 525 2144 miles
542 2107 594 2143 non
602 2088 656 2160 jam
673 2089 778 2144 flumine
790 2092 836 2144 aut
847 2090 908 2161 ripis
922 2109 991 2146 arce-

196 2170 284 2225 batur.
319 2166 441 2222 Irritabat
453 2166 515 2237 quin
526 2167 601 2220 etiam
613 2165 725 2226 Batavos
737 2166 992 2238 'transrhenanosque

197 2245 288 2302 Padus
305 2244 376 2315 ipse;
403 2262 478 2315 quem
500 2246 604 2313 repente
625 2247 714 2298 contra
736 2243 892 2299 Placentiam
910 2250 993 2300 trans-

198 2322 291 2396 gressi,
303 2321 383 2392 raptis
398 2319 547 2392 quibusdam
559 2319 760 2390 exploratoribus
772 2321 809 2374 ita
821 2325 925 2376 caeteros
937 2326 991 2377 ter·

199 2419 276 2456 ruere
291 2401 321 2454 ut
339 2397 427 2453 adesse
445 2415 545 2452 omnem
565 2396 672 2452 Caecina
692 2397 831 2452 exercitum
852 2399 945 2470 trepidi
963 2419 992 2456 ac

200 2478 260 2534 falsi
271 2476 426 2532 nuntiarent.
462 2474 569 2530 Certum
586 2478 641 2528 erat
657 2474 789 2545 Spurinnae
807 2475 839 2544 (is
852 2477 917 2532 enirn
936 2478 992 2532 Pla
1003 2477 1039 2532 1⁸

202 2555 312 2612 centiam
335 2551 485 2621 obtinebat)
508 2549 616 2606 necdum
639 2552 739 2606 venisse
759 2551 890 2620 Caecinam,
913 2559 947 2623 et,
972 2555 993 2610 si

202 2633 392 2704 propinquaret,
410 2635 525 2686 coercere
545 2628 613 2683 intra
635 2629 793 2684 munimenta
811 2631 924 2698 militem,
946 2651 994 2688 nec

203 2715 258 2764 tres
274 2707 406 2780 pretorius
425 2707 542 2762 cohortes
561 2709 588 2760 et
602 2705 670 2761 mille
681 2707 823 2763 vexillarios
835 2726 891 2764 cum
906 2711 993 2780 paucis

204 2786 333 2858 equilibus
353 2791 474 2839 veterano
495 2782 618 2838 exercitui
637 2783 753 2854 objicere.
791 2785 840 2842 Sed
855 2786 1016 2847 indomitusa

204 2863 277 2919 miles
289 2870 317 2918 et
327 2861 387 2918 belli
403 2861 506 2933 ignarus
521 2860 643 2931 correptis
660 2860 739 2932 signis
752 2862 899 2932 vexillisque
911 2881 992 2928 ruere,

205 2946 233 2996 et
252 2939 374 2995 retinenti
395 2938 454 2993 duci
472 2937 523 2992 tela
541 2936 677 3004 intentare,
694 2939 786 3009 spretis
805 2939 994 2994 centurionibus

205 3017 381 3089 tribunisque:
401 3017 463 3088 quin
474 3013 547 3088 prodi
564 3015 691 3070 Othonem
704 3021 730 3070 et
749 3014 857 3069 accitum
870 3015 994 3070 Caecinam
