<?xml version="1.0" encoding="UTF-8"?>
<!DOCTYPE html PUBLIC "-//W3C//DTD XHTML 1.0 Transitional//EN"
    "http://www.w3.org/TR/xhtml1/DTD/xhtml1-transitional.dtd">
<html xmlns="http://www.w3.org/1999/xhtml" xml:lang="en" lang="en">
 <head>
  <title>
</title>
<meta http-equiv="Content-Type" content="text/html;charset=utf-8" />
  <meta name='ocr-system' content='tesseract 3.04.00' />
  <meta name='ocr-capabilities' content='ocr_page ocr_carea ocr_par ocr_line ocrx_word'/>
</head>
<body>
  <div class='ocr_page' id='page_1' title='image "./operaomniaadfid00tacigoog_0294.png"; bbox 0 0 2575 3592; ppageno 0'>
   <div class='ocr_carea' id='block_1_1' title="bbox 315 409 793 459">
    <p class='ocr_par' dir='ltr' id='par_1_1' title="bbox 315 409 1144 532">
     <span class='ocr_line' id='line_1_1' title="bbox 315 409 793 459; baseline -0.001 0"><span class='ocrx_word' id='word_1_1' title='bbox 315 411 363 459; x_wconf 73' lang='lat'>288</span> <span class='ocrx_word' id='word_1_2' title='bbox 643 409 793 459; x_wconf 81' lang='lat' dir='ltr'>usel&#39;rus</span> 
     </span>
    </p>
   </div>
   <div class='ocr_carea' id='block_1_2' title="bbox 282 520 1144 2978">
    <p class='ocr_par' dir='ltr' id='par_1_2' title="bbox 293 520 1144 1364">
     <span class='ocr_line' id='line_1_2' title="bbox 293 520 1114 596; baseline 0.005 -20"><span class='ocrx_word' id='word_1_3' title='bbox 293 527 310 576; x_wconf 81' lang='lat'><em>2</em></span> <span class='ocrx_word' id='word_1_4' title='bbox 351 520 730 595; x_wconf 52' lang='lat' dir='ltr'>“Secarmsiffinqnitripcm</span> <span class='ocrx_word' id='word_1_5' title='bbox 741 522 1114 596; x_wconf 77' lang='lat' dir='ltr'>“etSsleiusBassusetqurs</span> 
     </span>
     <span class='ocr_line' id='line_1_3' title="bbox 316 598 1116 672; baseline 0.006 -18"><span class='ocrx_word' id='word_1_6' title='bbox 316 598 442 670; x_wconf 72' lang='lat' dir='ltr'>quisalius</span> <span class='ocrx_word' id='word_1_7' title='bbox 448 599 560 654; x_wconf 87' lang='lat' dir='ltr'>stadium</span> <span class='ocrx_word' id='word_1_8' title='bbox 568 601 674 672; x_wconf 71' lang='lat' dir='ltr'>poetice</span> <span class='ocrx_word' id='word_1_9' title='bbox 680 605 707 655; x_wconf 88' lang='lat' dir='ltr'>ct</span> <span class='ocrx_word' id='word_1_10' title='bbox 714 600 852 655; x_wconf 87' lang='lat' dir='ltr'>carminum</span> <span class='ocrx_word' id='word_1_11' title='bbox 859 599 964 670; x_wconf 80' lang='lat' dir='ltr'>gloriam</span> <span class='ocrx_word' id='word_1_12' title='bbox 971 600 1116 667; x_wconf 69' lang='lat' dir='ltr'>forstcum</span> 
     </span>
     <span class='ocr_line' id='line_1_4' title="bbox 315 677 1113 750; baseline 0.004 -20"><span class='ocrx_word' id='word_1_13' title='bbox 315 693 405 730; x_wconf 73' lang='lat' dir='ltr'>musas</span> <span class='ocrx_word' id='word_1_14' title='bbox 416 695 491 748; x_wconf 78' lang='lat' dir='ltr'>agere</span> <span class='ocrx_word' id='word_1_15' title='bbox 502 695 554 731; x_wconf 92' lang='lat' dir='ltr'>non</span> <span class='ocrx_word' id='word_1_16' title='bbox 570 678 659 748; x_wconf 87' lang='lat' dir='ltr'>possit.</span> <span class='ocrx_word' id='word_1_17' title='bbox 695 677 751 750; x_wconf 75' lang='lat' dir='ltr'>Ego</span> <span class='ocrx_word' id='word_1_18' title='bbox 763 677 837 741; x_wconf 79' lang='lat' dir='ltr'>enim,</span> <span class='ocrx_word' id='word_1_19' title='bbox 851 682 976 747; x_wconf 86' lang='lat' dir='ltr'>quatenus</span> <span class='ocrx_word' id='word_1_20' title='bbox 988 677 1113 733; x_wconf 82' lang='lat' dir='ltr'>arbitrum</span> 
     </span>
     <span class='ocr_line' id='line_1_5' title="bbox 315 747 1144 826; baseline 0.005 -20"><span class='ocrx_word' id='word_1_21' title='bbox 315 748 369 807; x_wconf 89' lang='lat' dir='ltr'>litis</span> <span class='ocrx_word' id='word_1_22' title='bbox 385 753 462 824; x_wconf 83' lang='lat' dir='ltr'>hujus</span> <span class='ocrx_word' id='word_1_23' title='bbox 478 753 571 819; x_wconf 86' lang='lat' dir='ltr'>inueni,</span> <span class='ocrx_word' id='word_1_24' title='bbox 587 773 640 808; x_wconf 92' lang='lat' dir='ltr'>ncn</span> <span class='ocrx_word' id='word_1_25' title='bbox 655 755 737 825; x_wconf 87' lang='lat' dir='ltr'>patiar</span> <span class='ocrx_word' id='word_1_26' title='bbox 752 754 899 808; x_wconf 82' lang='lat' dir='ltr'>Maternum</span> <span class='ocrx_word' id='word_1_27' title='bbox 916 754 1040 809; x_wconf 85' lang='lat' dir='ltr'>societate</span> <span class='ocrx_word' id='word_1_28' title='bbox 1056 755 1113 826; x_wconf 88' lang='lat' dir='ltr'>plu·</span> <span class='ocrx_word' id='word_1_29' title='bbox 1143 747 1144 822; x_wconf 83' lang='lat' dir='ltr'>l</span> 
     </span>
     <span class='ocr_line' id='line_1_6' title="bbox 315 828 1144 916; baseline 0.005 -33"><span class='ocrx_word' id='word_1_30' title='bbox 315 828 383 884; x_wconf 86' lang='lat' dir='ltr'>rium</span> <span class='ocrx_word' id='word_1_31' title='bbox 394 828 510 884; x_wconf 67' lang='lat' dir='ltr'>defendiz</span> <span class='ocrx_word' id='word_1_32' title='bbox 529 829 575 885; x_wconf 88' lang='lat' dir='ltr'>sed</span> <span class='ocrx_word' id='word_1_33' title='bbox 591 831 675 902; x_wconf 91' lang='lat' dir='ltr'>ipsum</span> <span class='ocrx_word' id='word_1_34' title='bbox 687 830 768 886; x_wconf 90' lang='lat' dir='ltr'>solum</span> <span class='ocrx_word' id='word_1_35' title='bbox 780 829 848 901; x_wconf 87' lang='lat' dir='ltr'>apud</span> <span class='ocrx_word' id='word_1_36' title='bbox 859 849 904 884; x_wconf 83' lang='lat' dir='ltr'>vos</span> <span class='ocrx_word' id='word_1_37' title='bbox 918 848 1032 902; x_wconf 76' lang='lat' dir='ltr'>aiginam,</span> <span class='ocrx_word' id='word_1_38' title='bbox 1043 833 1112 902; x_wconf 87' lang='lat' dir='ltr'>quod</span> <span class='ocrx_word' id='word_1_39' title='bbox 1143 831 1144 916; x_wconf 66' lang='lat' dir='ltr'>l</span> 
     </span>
     <span class='ocr_line' id='line_1_7' title="bbox 315 905 1112 979; baseline 0.003 -19"><span class='ocrx_word' id='word_1_40' title='bbox 315 910 393 960; x_wconf 85' lang='lat' dir='ltr'>natus</span> <span class='ocrx_word' id='word_1_41' title='bbox 408 905 441 959; x_wconf 91' lang='lat' dir='ltr'>ad</span> <span class='ocrx_word' id='word_1_42' title='bbox 455 905 625 977; x_wconf 79' lang='lat' dir='ltr'>eloquentiam</span> <span class='ocrx_word' id='word_1_43' title='bbox 640 907 737 963; x_wconf 85' lang='lat' dir='ltr'>virilem</span> <span class='ocrx_word' id='word_1_44' title='bbox 754 911 781 962; x_wconf 85' lang='lat' dir='ltr'>et</span> <span class='ocrx_word' id='word_1_45' title='bbox 797 907 1006 978; x_wconf 71' lang='lat' dir='ltr'>uictoriamque</span> <span class='ocrx_word' id='word_1_46' title='bbox 1023 927 1112 979; x_wconf 84' lang='lat' dir='ltr'>parere</span> 
     </span>
     <span class='ocr_line' id='line_1_8' title="bbox 316 982 1111 1051; baseline 0.005 -15"><span class='ocrx_word' id='word_1_47' title='bbox 316 982 392 1037; x_wconf 90' lang='lat' dir='ltr'>simul</span> <span class='ocrx_word' id='word_1_48' title='bbox 403 987 432 1036; x_wconf 90' lang='lat' dir='ltr'>et</span> <span class='ocrx_word' id='word_1_49' title='bbox 443 983 512 1038; x_wconf 86' lang='lat' dir='ltr'>tueri</span> <span class='ocrx_word' id='word_1_50' title='bbox 522 984 654 1050; x_wconf 75' lang='lat' dir='ltr'>amicitias,</span> <span class='ocrx_word' id='word_1_51' title='bbox 667 983 807 1039; x_wconf 82' lang='lat' dir='ltr'>adsciscere</span> <span class='ocrx_word' id='word_1_52' title='bbox 822 984 1032 1051; x_wconf 80' lang='lat' dir='ltr'>necessitudines,</span> <span class='ocrx_word' id='word_1_53' title='bbox 1044 1003 1111 1040; x_wconf 89' lang='lat' dir='ltr'>com-</span> 
     </span>
     <span class='ocr_line' id='line_1_9' title="bbox 315 1059 1110 1133; baseline 0.005 -20"><span class='ocrx_word' id='word_1_54' title='bbox 315 1059 393 1129; x_wconf 85' lang='lat' dir='ltr'>plecti</span> <span class='ocrx_word' id='word_1_55' title='bbox 404 1059 545 1130; x_wconf 82' lang='lat' dir='ltr'>provincias</span> <span class='ocrx_word' id='word_1_56' title='bbox 560 1062 650 1133; x_wconf 81' lang='lat' dir='ltr'>possit,</span> <span class='ocrx_word' id='word_1_57' title='bbox 663 1061 759 1116; x_wconf 79' lang='lat' dir='ltr'>amittit</span> <span class='ocrx_word' id='word_1_58' title='bbox 775 1061 896 1126; x_wconf 89' lang='lat' dir='ltr'>studium,</span> <span class='ocrx_word' id='word_1_59' title='bbox 909 1080 960 1132; x_wconf 90' lang='lat' dir='ltr'>quo</span> <span class='ocrx_word' id='word_1_60' title='bbox 975 1079 1029 1117; x_wconf 88' lang='lat' dir='ltr'>non</span> <span class='ocrx_word' id='word_1_61' title='bbox 1040 1061 1110 1117; x_wconf 88' lang='lat' dir='ltr'>aliud</span> 
     </span>
     <span class='ocr_line' id='line_1_10' title="bbox 316 1133 1109 1205; baseline 0.006 -16"><span class='ocrx_word' id='word_1_62' title='bbox 316 1133 462 1192; x_wconf 79' lang='lat' dir='ltr'>incivitate</span> <span class='ocrx_word' id='word_1_63' title='bbox 479 1141 568 1192; x_wconf 81' lang='lat' dir='ltr'>nostra</span> <span class='ocrx_word' id='word_1_64' title='bbox 583 1139 625 1194; x_wconf 78' lang='lat' dir='ltr'>vel</span> <span class='ocrx_word' id='word_1_65' title='bbox 641 1137 674 1192; x_wconf 88' lang='lat' dir='ltr'>ad</span> <span class='ocrx_word' id='word_1_66' title='bbox 691 1137 828 1192; x_wconf 70' lang='lat' dir='ltr'>utilitatem</span> <span class='ocrx_word' id='word_1_67' title='bbox 845 1138 1011 1205; x_wconf 77' lang='lat' dir='ltr'>fructuosius,</span> <span class='ocrx_word' id='word_1_68' title='bbox 1022 1139 1065 1194; x_wconf 82' lang='lat' dir='ltr'>rel</span> <span class='ocrx_word' id='word_1_69' title='bbox 1076 1139 1109 1194; x_wconf 83' lang='lat' dir='ltr'>ad</span> 
     </span>
     <span class='ocr_line' id='line_1_11' title="bbox 316 1211 1108 1286; baseline 0.005 -19"><span class='ocrx_word' id='word_1_70' title='bbox 316 1211 467 1282; x_wconf 83' lang='lat' dir='ltr'>dignitatem</span> <span class='ocrx_word' id='word_1_71' title='bbox 478 1214 592 1285; x_wconf 79' lang='lat' dir='ltr'>amplius,</span> <span class='ocrx_word' id='word_1_72' title='bbox 605 1215 646 1270; x_wconf 82' lang='lat' dir='ltr'>vel</span> <span class='ocrx_word' id='word_1_73' title='bbox 655 1214 687 1270; x_wconf 82' lang='lat' dir='ltr'>ed</span> <span class='ocrx_word' id='word_1_74' title='bbox 695 1214 765 1270; x_wconf 89' lang='lat' dir='ltr'>urbis</span> <span class='ocrx_word' id='word_1_75' title='bbox 775 1215 866 1268; x_wconf 80' lang='lat' dir='ltr'>lamam</span> <span class='ocrx_word' id='word_1_76' title='bbox 878 1215 1016 1286; x_wconf 81' lang='lat' dir='ltr'>pulchrius,</span> <span class='ocrx_word' id='word_1_77' title='bbox 1027 1216 1068 1271; x_wconf 85' lang='lat' dir='ltr'>rel</span> <span class='ocrx_word' id='word_1_78' title='bbox 1076 1215 1108 1271; x_wconf 84' lang='lat' dir='ltr'>ad</span> 
     </span>
     <span class='ocr_line' id='line_1_12' title="bbox 315 1289 1106 1364; baseline 0.005 -20"><span class='ocrx_word' id='word_1_79' title='bbox 315 1289 397 1344; x_wconf 87' lang='lat' dir='ltr'>totins</span> <span class='ocrx_word' id='word_1_80' title='bbox 408 1290 507 1362; x_wconf 88' lang='lat' dir='ltr'>imperii</span> <span class='ocrx_word' id='word_1_81' title='bbox 518 1297 595 1364; x_wconf 86' lang='lat' dir='ltr'>atque</span> <span class='ocrx_word' id='word_1_82' title='bbox 606 1293 717 1347; x_wconf 88' lang='lat' dir='ltr'>omnium</span> <span class='ocrx_word' id='word_1_83' title='bbox 730 1292 845 1362; x_wconf 82' lang='lat' dir='ltr'>gentium</span> <span class='ocrx_word' id='word_1_84' title='bbox 853 1292 970 1346; x_wconf 74' lang='lat' dir='ltr'>notitiam</span> <span class='ocrx_word' id='word_1_85' title='bbox 982 1292 1106 1348; x_wconf 79' lang='lat' dir='ltr'>illustrius</span> 
     </span>
    </p>

    <p class='ocr_par' dir='ltr' id='par_1_3' title="bbox 292 1367 1144 1824">
     <span class='ocr_line' id='line_1_13' title="bbox 292 1367 1107 1439; baseline 0.004 -18"><span class='ocrx_word' id='word_1_86' title='bbox 292 1367 456 1438; x_wconf 80' lang='lat' dir='ltr'>texcogitari</span> <span class='ocrx_word' id='word_1_87' title='bbox 476 1373 570 1439; x_wconf 85' lang='lat' dir='ltr'>potest.</span> <span class='ocrx_word' id='word_1_88' title='bbox 605 1369 674 1424; x_wconf 82' lang='lat' dir='ltr'>Nam</span> <span class='ocrx_word' id='word_1_89' title='bbox 695 1369 717 1423; x_wconf 90' lang='lat' dir='ltr'>si</span> <span class='ocrx_word' id='word_1_90' title='bbox 736 1367 769 1422; x_wconf 87' lang='lat' dir='ltr'>ad</span> <span class='ocrx_word' id='word_1_91' title='bbox 787 1367 924 1424; x_wconf 84' lang='lat' dir='ltr'>utilitatem</span> <span class='ocrx_word' id='word_1_92' title='bbox 943 1369 1003 1424; x_wconf 79' lang='lat' dir='ltr'>vitm</span> <span class='ocrx_word' id='word_1_93' title='bbox 1023 1371 1107 1424; x_wconf 83' lang='lat' dir='ltr'>omnia</span> 
     </span>
     <span class='ocr_line' id='line_1_14' title="bbox 314 1443 1106 1517; baseline 0.004 -19"><span class='ocrx_word' id='word_1_94' title='bbox 314 1443 420 1499; x_wconf 88' lang='lat' dir='ltr'>consilia</span> <span class='ocrx_word' id='word_1_95' title='bbox 430 1445 548 1516; x_wconf 81' lang='lat' dir='ltr'>iactaque</span> <span class='ocrx_word' id='word_1_96' title='bbox 561 1450 650 1501; x_wconf 90' lang='lat' dir='ltr'>nostra</span> <span class='ocrx_word' id='word_1_97' title='bbox 660 1443 792 1517; x_wconf 79' lang='lat' dir='ltr'>dirigenda</span> <span class='ocrx_word' id='word_1_98' title='bbox 807 1449 875 1509; x_wconf 88' lang='lat' dir='ltr'>sunt,</span> <span class='ocrx_word' id='word_1_99' title='bbox 891 1445 952 1516; x_wconf 87' lang='lat' dir='ltr'>qnid</span> <span class='ocrx_word' id='word_1_100' title='bbox 967 1451 1008 1500; x_wconf 85' lang='lat' dir='ltr'>est</span> <span class='ocrx_word' id='word_1_101' title='bbox 1022 1447 1106 1502; x_wconf 87' lang='lat' dir='ltr'>tutius</span> 
     </span>
     <span class='ocr_line' id='line_1_15' title="bbox 314 1527 1106 1592; baseline 0.004 -17"><span class='ocrx_word' id='word_1_102' title='bbox 314 1539 391 1591; x_wconf 87' lang='lat' dir='ltr'>quam</span> <span class='ocrx_word' id='word_1_103' title='bbox 407 1539 463 1576; x_wconf 82' lang='lat' dir='ltr'>cem</span> <span class='ocrx_word' id='word_1_104' title='bbox 483 1540 600 1578; x_wconf 87' lang='lat' dir='ltr'>exercerc</span> <span class='ocrx_word' id='word_1_105' title='bbox 620 1527 701 1577; x_wconf 87' lang='lat' dir='ltr'>artem</span> <span class='ocrx_word' id='word_1_106' title='bbox 722 1540 772 1592; x_wconf 83' lang='lat' dir='ltr'>qua</span> <span class='ocrx_word' id='word_1_107' title='bbox 789 1539 888 1592; x_wconf 79' lang='lat' dir='ltr'>semper</span> <span class='ocrx_word' id='word_1_108' title='bbox 908 1527 1021 1576; x_wconf 86' lang='lat' dir='ltr'>armatus</span> <span class='ocrx_word' id='word_1_109' title='bbox 1043 1541 1106 1592; x_wconf 74' lang='lat' dir='ltr'>pre·</span> 
     </span>
     <span class='ocr_line' id='line_1_16' title="bbox 313 1596 1104 1670; baseline 0.003 -18"><span class='ocrx_word' id='word_1_110' title='bbox 313 1596 407 1652; x_wconf 86' lang='lat' dir='ltr'>sidium</span> <span class='ocrx_word' id='word_1_111' title='bbox 430 1597 524 1664; x_wconf 85' lang='lat' dir='ltr'>amicis,</span> <span class='ocrx_word' id='word_1_112' title='bbox 548 1617 622 1670; x_wconf 88' lang='lat' dir='ltr'>opem</span> <span class='ocrx_word' id='word_1_113' title='bbox 645 1598 741 1666; x_wconf 86' lang='lat' dir='ltr'>alienis,</span> <span class='ocrx_word' id='word_1_114' title='bbox 764 1597 872 1654; x_wconf 89' lang='lat' dir='ltr'>salutem</span> <span class='ocrx_word' id='word_1_115' title='bbox 895 1598 1104 1668; x_wconf 77' lang='lat' dir='ltr'>periclitantibus,</span> 
     </span>
     <span class='ocr_line' id='line_1_17' title="bbox 312 1673 1144 1748; baseline 0.005 -21"><span class='ocrx_word' id='word_1_116' title='bbox 312 1673 405 1728; x_wconf 86' lang='lat' dir='ltr'>invidis</span> <span class='ocrx_word' id='word_1_117' title='bbox 418 1692 478 1728; x_wconf 86' lang='lat' dir='ltr'>vero</span> <span class='ocrx_word' id='word_1_118' title='bbox 490 1679 518 1730; x_wconf 90' lang='lat' dir='ltr'>et</span> <span class='ocrx_word' id='word_1_119' title='bbox 532 1675 641 1732; x_wconf 88' lang='lat' dir='ltr'>inimicis</span> <span class='ocrx_word' id='word_1_120' title='bbox 656 1680 752 1730; x_wconf 88' lang='lat' dir='ltr'>metum</span> <span class='ocrx_word' id='word_1_121' title='bbox 768 1683 795 1729; x_wconf 86' lang='lat' dir='ltr'>et</span> <span class='ocrx_word' id='word_1_122' title='bbox 810 1679 933 1730; x_wconf 89' lang='lat' dir='ltr'>terrorem</span> <span class='ocrx_word' id='word_1_123' title='bbox 948 1675 1016 1730; x_wconf 89' lang='lat' dir='ltr'>ultro</span> <span class='ocrx_word' id='word_1_124' title='bbox 1030 1675 1104 1742; x_wconf 85' lang='lat' dir='ltr'>ferat,</span> <span class='ocrx_word' id='word_1_125' title='bbox 1143 1699 1144 1748; x_wconf 67' lang='lat'>3</span> 
     </span>
     <span class='ocr_line' id='line_1_18' title="bbox 313 1748 1104 1824; baseline 0.006 -21"><span class='ocrx_word' id='word_1_126' title='bbox 313 1748 368 1820; x_wconf 89' lang='lat' dir='ltr'>ipse</span> <span class='ocrx_word' id='word_1_127' title='bbox 382 1768 486 1806; x_wconf 87' lang='lat' dir='ltr'>securus</span> <span class='ocrx_word' id='word_1_128' title='bbox 498 1756 525 1806; x_wconf 89' lang='lat' dir='ltr'>et</span> <span class='ocrx_word' id='word_1_129' title='bbox 540 1753 649 1823; x_wconf 73' lang='lat' dir='ltr'>quadam</span> <span class='ocrx_word' id='word_1_130' title='bbox 662 1751 732 1807; x_wconf 82' lang='lat' dir='ltr'>velut</span> <span class='ocrx_word' id='word_1_131' title='bbox 747 1757 869 1822; x_wconf 85' lang='lat' dir='ltr'>perpetua</span> <span class='ocrx_word' id='word_1_132' title='bbox 883 1752 1000 1822; x_wconf 86' lang='lat' dir='ltr'>potentia</span> <span class='ocrx_word' id='word_1_133' title='bbox 1014 1769 1046 1808; x_wconf 88' lang='lat' dir='ltr'>ac</span> <span class='ocrx_word' id='word_1_134' title='bbox 1061 1771 1104 1824; x_wconf 88' lang='lat' dir='ltr'>po·</span> 
     </span>
    </p>

    <p class='ocr_par' dir='ltr' id='par_1_4' title="bbox 288 1827 1104 2283">
     <span class='ocr_line' id='line_1_19' title="bbox 288 1827 1104 1900; baseline 0.009 -23"><span class='ocrx_word' id='word_1_135' title='bbox 288 1829 408 1880; x_wconf 74' lang='lat' dir='ltr'>ttestate</span> <span class='ocrx_word' id='word_1_136' title='bbox 424 1827 559 1883; x_wconf 77' lang='lat' dir='ltr'>munitus?</span> <span class='ocrx_word' id='word_1_137' title='bbox 577 1831 657 1900; x_wconf 74' lang='lat' dir='ltr'>Cujus</span> <span class='ocrx_word' id='word_1_138' title='bbox 674 1829 713 1883; x_wconf 85' lang='lat' dir='ltr'>vis</span> <span class='ocrx_word' id='word_1_139' title='bbox 731 1837 757 1882; x_wconf 89' lang='lat' dir='ltr'>et</span> <span class='ocrx_word' id='word_1_140' title='bbox 775 1828 872 1883; x_wconf 87' lang='lat' dir='ltr'>utilitas</span> <span class='ocrx_word' id='word_1_141' title='bbox 889 1828 965 1884; x_wconf 87' lang='lat' dir='ltr'>rebus</span> <span class='ocrx_word' id='word_1_142' title='bbox 983 1847 1104 1900; x_wconf 86' lang='lat' dir='ltr'>prospere</span> 
     </span>
     <span class='ocr_line' id='line_1_20' title="bbox 312 1901 1104 1978; baseline 0.009 -23"><span class='ocrx_word' id='word_1_143' title='bbox 312 1901 450 1957; x_wconf 82' lang='lat' dir='ltr'>fluentibus</span> <span class='ocrx_word' id='word_1_144' title='bbox 470 1903 576 1959; x_wconf 85' lang='lat' dir='ltr'>aliorum</span> <span class='ocrx_word' id='word_1_145' title='bbox 594 1906 711 1977; x_wconf 82' lang='lat' dir='ltr'>perfugio</span> <span class='ocrx_word' id='word_1_146' title='bbox 729 1909 755 1960; x_wconf 90' lang='lat' dir='ltr'>et</span> <span class='ocrx_word' id='word_1_147' title='bbox 773 1905 855 1960; x_wconf 82' lang='lat' dir='ltr'>tutele</span> <span class='ocrx_word' id='word_1_148' title='bbox 870 1905 1038 1978; x_wconf 76' lang='lat' dir='ltr'>intelligitur:</span> <span class='ocrx_word' id='word_1_149' title='bbox 1064 1907 1104 1962; x_wconf 87' lang='lat' dir='ltr'>sin</span> 
     </span>
     <span class='ocr_line' id='line_1_21' title="bbox 312 1979 1103 2054; baseline 0.01 -23"><span class='ocrx_word' id='word_1_150' title='bbox 312 1979 443 2048; x_wconf 87' lang='lat' dir='ltr'>proprium</span> <span class='ocrx_word' id='word_1_151' title='bbox 462 1980 600 2051; x_wconf 86' lang='lat' dir='ltr'>periculum</span> <span class='ocrx_word' id='word_1_152' title='bbox 624 1982 759 2054; x_wconf 86' lang='lat' dir='ltr'>increpuit,</span> <span class='ocrx_word' id='word_1_153' title='bbox 778 1999 830 2037; x_wconf 91' lang='lat' dir='ltr'>non</span> <span class='ocrx_word' id='word_1_154' title='bbox 853 1982 955 2037; x_wconf 87' lang='lat' dir='ltr'>hercule</span> <span class='ocrx_word' id='word_1_155' title='bbox 975 1982 1056 2038; x_wconf 88' lang='lat' dir='ltr'>lorica</span> <span class='ocrx_word' id='word_1_156' title='bbox 1077 1989 1103 2039; x_wconf 85' lang='lat' dir='ltr'>et</span> 
     </span>
     <span class='ocr_line' id='line_1_22' title="bbox 312 2053 1103 2131; baseline 0.005 -21"><span class='ocrx_word' id='word_1_157' title='bbox 312 2053 411 2126; x_wconf 75' lang='lat' dir='ltr'>gladius</span> <span class='ocrx_word' id='word_1_158' title='bbox 422 2055 450 2110; x_wconf 88' lang='lat' dir='ltr'>in</span> <span class='ocrx_word' id='word_1_159' title='bbox 465 2057 519 2112; x_wconf 85' lang='lat' dir='ltr'>scie</span> <span class='ocrx_word' id='word_1_160' title='bbox 534 2058 631 2114; x_wconf 89' lang='lat' dir='ltr'>lirmins</span> <span class='ocrx_word' id='word_1_161' title='bbox 646 2059 830 2114; x_wconf 87' lang='lat' dir='ltr'>munimentum</span> <span class='ocrx_word' id='word_1_162' title='bbox 846 2077 921 2130; x_wconf 82' lang='lat' dir='ltr'>quam</span> <span class='ocrx_word' id='word_1_163' title='bbox 937 2077 981 2113; x_wconf 89' lang='lat' dir='ltr'>reo</span> <span class='ocrx_word' id='word_1_164' title='bbox 996 2063 1024 2114; x_wconf 92' lang='lat' dir='ltr'>et</span> <span class='ocrx_word' id='word_1_165' title='bbox 1040 2061 1103 2131; x_wconf 89' lang='lat' dir='ltr'>peri·</span> 
     </span>
     <span class='ocr_line' id='line_1_23' title="bbox 312 2131 1104 2208; baseline 0.005 -21"><span class='ocrx_word' id='word_1_166' title='bbox 312 2131 411 2188; x_wconf 86' lang='lat' dir='ltr'>clitanti</span> <span class='ocrx_word' id='word_1_167' title='bbox 426 2133 570 2205; x_wconf 83' lang='lat' dir='ltr'>eloquentia</span> <span class='ocrx_word' id='word_1_168' title='bbox 582 2136 726 2207; x_wconf 78' lang='lat' dir='ltr'>prasidinm</span> <span class='ocrx_word' id='word_1_169' title='bbox 741 2135 816 2190; x_wconf 82' lang='lat' dir='ltr'>simul</span> <span class='ocrx_word' id='word_1_170' title='bbox 832 2154 861 2191; x_wconf 88' lang='lat' dir='ltr'>ac</span> <span class='ocrx_word' id='word_1_171' title='bbox 878 2135 964 2200; x_wconf 77' lang='lat' dir='ltr'>telum</span> <span class='ocrx_word' id='word_1_172' title='bbox 978 2154 1031 2206; x_wconf 89' lang='lat' dir='ltr'>quo</span> <span class='ocrx_word' id='word_1_173' title='bbox 1047 2155 1104 2208; x_wconf 86' lang='lat' dir='ltr'>pro-</span> 
     </span>
     <span class='ocr_line' id='line_1_24' title="bbox 312 2211 1102 2283; baseline 0.009 -19"><span class='ocrx_word' id='word_1_174' title='bbox 312 2227 425 2283; x_wconf 79' lang='lat' dir='ltr'>pugnare</span> <span class='ocrx_word' id='word_1_175' title='bbox 445 2211 540 2282; x_wconf 86' lang='lat' dir='ltr'>pariter</span> <span class='ocrx_word' id='word_1_176' title='bbox 560 2218 587 2268; x_wconf 88' lang='lat' dir='ltr'>et</span> <span class='ocrx_word' id='word_1_177' title='bbox 610 2214 736 2268; x_wconf 86' lang='lat' dir='ltr'>incessere</span> <span class='ocrx_word' id='word_1_178' title='bbox 759 2211 800 2266; x_wconf 85' lang='lat' dir='ltr'>vel</span> <span class='ocrx_word' id='word_1_179' title='bbox 822 2212 849 2266; x_wconf 91' lang='lat' dir='ltr'>in</span> <span class='ocrx_word' id='word_1_180' title='bbox 869 2212 974 2282; x_wconf 88' lang='lat' dir='ltr'>judicio,</span> <span class='ocrx_word' id='word_1_181' title='bbox 999 2212 1054 2270; x_wconf 88' lang='lat' dir='ltr'>sive</span> <span class='ocrx_word' id='word_1_182' title='bbox 1077 2215 1102 2270; x_wconf 91' lang='lat' dir='ltr'>in</span> 
     </span>
    </p>

    <p class='ocr_par' dir='ltr' id='par_1_5' title="bbox 288 2287 1144 2810">
     <span class='ocr_line' id='line_1_25' title="bbox 288 2287 1102 2361; baseline 0.006 -20"><span class='ocrx_word' id='word_1_183' title='bbox 288 2292 409 2352; x_wconf 74' lang='lat' dir='ltr'>tecnatu,</span> <span class='ocrx_word' id='word_1_184' title='bbox 423 2287 476 2343; x_wconf 88' lang='lat' dir='ltr'>sive</span> <span class='ocrx_word' id='word_1_185' title='bbox 491 2288 559 2359; x_wconf 84' lang='lat' dir='ltr'>apud</span> <span class='ocrx_word' id='word_1_186' title='bbox 576 2289 714 2361; x_wconf 85' lang='lat' dir='ltr'>principem</span> <span class='ocrx_word' id='word_1_187' title='bbox 731 2291 821 2358; x_wconf 80' lang='lat' dir='ltr'>poesis.</span> <span class='ocrx_word' id='word_1_188' title='bbox 857 2289 927 2348; x_wconf 78' lang='lat' dir='ltr'>Quid</span> <span class='ocrx_word' id='word_1_189' title='bbox 943 2288 1012 2344; x_wconf 89' lang='lat' dir='ltr'>aliud</span> <span class='ocrx_word' id='word_1_190' title='bbox 1028 2290 1102 2346; x_wconf 81' lang='lat' dir='ltr'>inies·</span> 
     </span>
     <span class='ocr_line' id='line_1_26' title="bbox 313 2363 1101 2438; baseline 0.006 -20"><span class='ocrx_word' id='word_1_191' title='bbox 313 2363 346 2418; x_wconf 90' lang='lat' dir='ltr'>tis</span> <span class='ocrx_word' id='word_1_192' title='bbox 361 2363 478 2435; x_wconf 82' lang='lat' dir='ltr'>patribus</span> <span class='ocrx_word' id='word_1_193' title='bbox 489 2385 572 2436; x_wconf 86' lang='lat' dir='ltr'>nuper</span> <span class='ocrx_word' id='word_1_194' title='bbox 587 2367 680 2438; x_wconf 82' lang='lat' dir='ltr'>Eprius</span> <span class='ocrx_word' id='word_1_195' title='bbox 696 2365 833 2420; x_wconf 86' lang='lat' dir='ltr'>Marcellus</span> <span class='ocrx_word' id='word_1_196' title='bbox 845 2383 920 2437; x_wconf 83' lang='lat' dir='ltr'>quem</span> <span class='ocrx_word' id='word_1_197' title='bbox 932 2365 1101 2438; x_wconf 85' lang='lat' dir='ltr'>eloquentiam</span> 
     </span>
     <span class='ocr_line' id='line_1_27' title="bbox 307 2441 1144 2516; baseline 0.007 -22"><span class='ocrx_word' id='word_1_198' title='bbox 307 2457 385 2513; x_wconf 86' lang='lat' dir='ltr'>suam</span> <span class='ocrx_word' id='word_1_199' title='bbox 396 2442 535 2510; x_wconf 79' lang='lat' dir='ltr'>opposuit?</span> <span class='ocrx_word' id='word_1_200' title='bbox 555 2443 615 2502; x_wconf 78' lang='lat' dir='ltr'>Qua</span> <span class='ocrx_word' id='word_1_201' title='bbox 625 2443 754 2498; x_wconf 78' lang='lat' dir='ltr'>accinctus</span> <span class='ocrx_word' id='word_1_202' title='bbox 765 2445 792 2496; x_wconf 90' lang='lat' dir='ltr'>et</span> <span class='ocrx_word' id='word_1_203' title='bbox 810 2443 894 2496; x_wconf 86' lang='lat' dir='ltr'>minax</span> <span class='ocrx_word' id='word_1_204' title='bbox 910 2441 1034 2499; x_wconf 76' lang='lat' dir='ltr'>disertam</span> <span class='ocrx_word' id='word_1_205' title='bbox 1050 2445 1102 2516; x_wconf 90' lang='lat' dir='ltr'>qui·</span> <span class='ocrx_word' id='word_1_206' title='bbox 1143 2485 1144 2500; x_wconf 59' lang='grc'>,</span> 
     </span>
     <span class='ocr_line' id='line_1_28' title="bbox 311 2514 1144 2588; baseline 0.008 -19"><span class='ocrx_word' id='word_1_207' title='bbox 311 2514 369 2570; x_wconf 86' lang='lat' dir='ltr'>dem</span> <span class='ocrx_word' id='word_1_208' title='bbox 380 2516 426 2571; x_wconf 88' lang='lat' dir='ltr'>sed</span> <span class='ocrx_word' id='word_1_209' title='bbox 438 2517 629 2575; x_wconf 82' lang='lat' dir='ltr'>inexercitatam</span> <span class='ocrx_word' id='word_1_210' title='bbox 647 2527 675 2574; x_wconf 88' lang='lat' dir='ltr'>et</span> <span class='ocrx_word' id='word_1_211' title='bbox 692 2517 815 2588; x_wconf 84' lang='lat' dir='ltr'>ejusmodi</span> <span class='ocrx_word' id='word_1_212' title='bbox 831 2519 996 2574; x_wconf 86' lang='lat' dir='ltr'>certaminum</span> <span class='ocrx_word' id='word_1_213' title='bbox 1012 2521 1101 2576; x_wconf 87' lang='lat' dir='ltr'>rudem</span> <span class='ocrx_word' id='word_1_214' title='bbox 1143 2571 1144 2584; x_wconf 67' lang='grc'>,</span> 
     </span>
     <span class='ocr_line' id='line_1_29' title="bbox 312 2593 1144 2667; baseline 0.007 -19"><span class='ocrx_word' id='word_1_215' title='bbox 312 2593 425 2649; x_wconf 87' lang='lat' dir='ltr'>Helvidii</span> <span class='ocrx_word' id='word_1_216' title='bbox 437 2596 585 2666; x_wconf 88' lang='lat' dir='ltr'>sapientiam</span> <span class='ocrx_word' id='word_1_217' title='bbox 596 2598 679 2654; x_wconf 83' lang='lat' dir='ltr'>elusit.</span> <span class='ocrx_word' id='word_1_218' title='bbox 714 2595 792 2651; x_wconf 88' lang='lat' dir='ltr'>Plura</span> <span class='ocrx_word' id='word_1_219' title='bbox 803 2595 834 2652; x_wconf 87' lang='lat' dir='ltr'>de</span> <span class='ocrx_word' id='word_1_220' title='bbox 849 2597 961 2652; x_wconf 82' lang='lat' dir='ltr'>utilitate</span> <span class='ocrx_word' id='word_1_221' title='bbox 972 2615 1026 2652; x_wconf 87' lang='lat' dir='ltr'>non</span> <span class='ocrx_word' id='word_1_222' title='bbox 1037 2599 1101 2667; x_wconf 90' lang='lat' dir='ltr'>dico,</span> <span class='ocrx_word' id='word_1_223' title='bbox 1143 2597 1144 2610; x_wconf 53' lang='lat'><strong>³</strong></span> 
     </span>
     <span class='ocr_line' id='line_1_30' title="bbox 312 2671 1100 2802; baseline 0.004 -73"><span class='ocrx_word' id='word_1_224' title='bbox 312 2671 356 2802; x_wconf 46' lang='lat' dir='ltr'>culi)</span> <span class='ocrx_word' id='word_1_225' title='bbox 376 2672 444 2743; x_wconf 79' lang='lat' dir='ltr'>parti</span> <span class='ocrx_word' id='word_1_226' title='bbox 465 2675 569 2732; x_wconf 87' lang='lat' dir='ltr'>minime</span> <span class='ocrx_word' id='word_1_227' title='bbox 594 2673 810 2734; x_wconf 81' lang='lat' dir='ltr'>contradicturum</span> <span class='ocrx_word' id='word_1_228' title='bbox 838 2675 987 2730; x_wconf 85' lang='lat' dir='ltr'>Maternum</span> <span class='ocrx_word' id='word_1_229' title='bbox 1015 2695 1100 2732; x_wconf 87' lang='lat' dir='ltr'>meum</span> 
     </span>
     <span class='ocr_line' id='line_1_31' title="bbox 311 2748 778 2810; baseline 0.004 -8"><span class='ocrx_word' id='word_1_230' title='bbox 311 2765 340 2802; x_wconf 92' lang='lat' dir='ltr'>ar</span> <span class='ocrx_word' id='word_1_231' title='bbox 356 2748 427 2803; x_wconf 89' lang='lat' dir='ltr'>itror.</span> <span class='ocrx_word' id='word_1_232' title='bbox 774 2801 778 2810; x_wconf 55' lang='lat'>,</span> 
     </span>
    </p>

    <p class='ocr_par' dir='ltr' id='par_1_6' title="bbox 282 2823 1144 2900">
     <span class='ocr_line' id='line_1_32' title="bbox 282 2823 1144 2900; baseline 0.009 -21"><span class='ocrx_word' id='word_1_233' title='bbox 282 2831 299 2856; x_wconf 73' lang='lat'><em>⁰</em></span> <span class='ocrx_word' id='word_1_234' title='bbox 344 2826 360 2855; x_wconf 85' lang='lat'>‘⁴</span> <span class='ocrx_word' id='word_1_235' title='bbox 372 2824 408 2880; x_wconf 58' lang='lat' dir='ltr'>ed</span> <span class='ocrx_word' id='word_1_236' title='bbox 424 2823 580 2894; x_wconf 84' lang='lat' dir='ltr'>voluptatem</span> <span class='ocrx_word' id='word_1_237' title='bbox 598 2827 713 2883; x_wconf 75' lang='lat' dir='ltr'>oratoria</span> <span class='ocrx_word' id='word_1_238' title='bbox 730 2827 879 2899; x_wconf 78' lang='lat' dir='ltr'>eloquentiae</span> <span class='ocrx_word' id='word_1_239' title='bbox 896 2832 1006 2894; x_wconf 64' lang='lat' dir='ltr'>nauseo,</span> <span class='ocrx_word' id='word_1_240' title='bbox 1026 2834 1099 2900; x_wconf 87' lang='lat' dir='ltr'>cujas</span> <span class='ocrx_word' id='word_1_241' title='bbox 1143 2871 1144 2876; x_wconf 19' lang='grc' dir='ltr'><strong>κ</strong></span> 
     </span>
    </p>

    <p class='ocr_par' dir='ltr' id='par_1_7' title="bbox 407 2901 1098 2978">
     <span class='ocr_line' id='line_1_33' title="bbox 407 2901 1098 2978; baseline 0.01 -24"><span class='ocrx_word' id='word_1_242' title='bbox 407 2901 453 2956; x_wconf 66' lang='lat' dir='ltr'>⁴tes</span> <span class='ocrx_word' id='word_1_243' title='bbox 464 2918 517 2956; x_wconf 90' lang='lat' dir='ltr'>non</span> <span class='ocrx_word' id='word_1_244' title='bbox 526 2919 579 2956; x_wconf 91' lang='lat' dir='ltr'>uno</span> <span class='ocrx_word' id='word_1_245' title='bbox 590 2903 674 2974; x_wconf 83' lang='lat' dir='ltr'>aliquo</span> <span class='ocrx_word' id='word_1_246' title='bbox 690 2909 818 2960; x_wconf 89' lang='lat' dir='ltr'>momento</span> <span class='ocrx_word' id='word_1_247' title='bbox 829 2905 874 2960; x_wconf 84' lang='lat' dir='ltr'>sed</span> <span class='ocrx_word' id='word_1_248' title='bbox 886 2905 1004 2960; x_wconf 85' lang='lat' dir='ltr'>omnibus</span> <span class='ocrx_word' id='word_1_249' title='bbox 1020 2923 1098 2978; x_wconf 83' lang='lat' dir='ltr'>prope</span> 
     </span>
    </p>
   </div>
   <div class='ocr_carea' id='block_1_3' title="bbox 426 2981 1096 3058">
    <p class='ocr_par' dir='ltr' id='par_1_8' title="bbox 426 2981 1096 3058">
     <span class='ocr_line' id='line_1_34' title="bbox 426 2981 1096 3058; baseline 0.013 -23"><span class='ocrx_word' id='word_1_250' title='bbox 426 2998 537 3052; x_wconf 87' lang='lat' dir='ltr'>cprope</span> <span class='ocrx_word' id='word_1_251' title='bbox 553 2981 670 3038; x_wconf 83' lang='lat' dir='ltr'>omnibus</span> <span class='ocrx_word' id='word_1_252' title='bbox 686 2983 755 3040; x_wconf 87' lang='lat' dir='ltr'>horis</span> <span class='ocrx_word' id='word_1_253' title='bbox 772 2985 906 3058; x_wconf 77' lang='lat' dir='ltr'>contingit.</span> <span class='ocrx_word' id='word_1_254' title='bbox 942 2985 1014 3048; x_wconf 77' lang='lat' dir='ltr'>Quid</span> <span class='ocrx_word' id='word_1_255' title='bbox 1032 2987 1096 3044; x_wconf 83' lang='lat' dir='ltr'>eninr</span> 
     </span>
    </p>
   </div>
   <div class='ocr_carea' id='block_1_4' title="bbox 0 0 1292 3592">
    <p class='ocr_par' dir='ltr' id='par_1_9' title="bbox 0 0 1292 3592">
     <span class='ocr_line' id='line_1_35' title="bbox 0 0 1292 3592; baseline 0 4"><span class='ocrx_word' id='word_1_256' title='bbox 0 0 1292 3592; x_wconf 95' lang='lat' dir='ltr'> </span> 
     </span>
    </p>
   </div>
  </div>
 </body>
</html>
