2575 3592
312 429 361 478 290
629 427 778 478 TAClTUS

346 540 382 594 llt
397 538 517 604 Messsh,
529 539 697 608 “Aperiam‚''
714 541 804 611 inquit,
816 540 1005 611 “cogitationes
1022 559 1103 610 meas,

311 617 335 672 si
349 616 411 672 illud
423 634 438 670 ιι
448 616 519 671 vobis
537 621 596 670 ante
613 617 787 687 impetravero,
800 624 830 672 ut
841 636 886 674 vos
898 635 997 688 quoque
1008 636 1105 673 semro-

312 712 369 748 nem
382 694 449 748 lruno
460 697 576 746 nostrum
586 694 738 762 adjuvetis?

291 781 307 830 2
347 773 363 800 “
371 771 422 824 Pro
433 769 554 833 duobus‚''
567 768 650 839 inquit
662 770 803 834 Maternus,
814 774 829 800 “
837 770 965 841 promitto.
995 771 1064 824 Nanr
1075 773 1103 825 et

313 864 361 918 ego
370 855 397 901 et
409 845 539 901 Secundus
547 852 713 916 exsequemur
722 865 764 902 eas
775 853 867 917 partes,
877 865 938 918 quas
949 847 1103 902 intellexeri-
1143 841 1144 848 '

313 942 370 977 mus
381 928 408 977 te
418 940 470 976 non
480 926 533 975 tam
541 921 663 990 ammisse,
672 941 749 994 quam
760 923 832 978 nobis
844 923 981 994 reliquisse.
1004 925 1102 994 Aprum
1143 955 1144 964 ,

314 1000 380 1053 euim
394 998 474 1053 solere
487 997 623 1053 dissentire
638 1003 665 1053 et
680 1006 711 1054 tu
725 999 800 1070 paulo
816 1005 875 1054 ente
893 999 986 1064 dixisti,
1006 1005 1032 1054 et
1046 999 1101 1070 ipse
1143 1011 1144 1016 ’

314 1075 377 1131 satis
395 1075 543 1129 manifestus
560 1080 600 1129 est
612 1075 763 1144 jamdudum
779 1077 807 1130 in
824 1077 977 1132 contrarium
994 1075 1105 1146 accingi,
1143 1105 1144 1108 =

314 1170 362 1206 nee
373 1170 444 1223 aequo
455 1152 538 1206 animo
549 1151 661 1222 perferre
677 1153 741 1208 bano
752 1158 865 1208 nostram
881 1171 927 1224 pro
939 1152 1105 1224 antiquorum
1143 1157 1144 1218 l

278 1276 281 1281 ,
314 1227 388 1284 lande
400 1227 578 1283 concordiam.”
1143 1235 1144 1270 Ἰ

293 1313 308 1358 3
351 1305 435 1359 “Non
445 1305 536 1369 enim,‘’
548 1304 630 1375 inquit
642 1307 719 1376 Aper,
731 1305 893 1362 “inauditnm
906 1310 932 1360 et
944 1304 1107 1360 indefensum.
1143 1309 1144 1340 l

315 1381 426 1436 seculum
435 1385 551 1436 nostrum
562 1381 644 1451 patiar
657 1381 704 1438 hee
715 1388 800 1438 vestra
810 1381 995 1454 conspiratione
1003 1381 1105 1436 dnona-
1143 1411 1144 1418 ι

315 1459 347 1514 ri.
376 1458 426 1513 Sed
437 1458 484 1512 hoe
495 1459 604 1528 primum
616 1459 783 1532 interrogabo,
797 1478 859 1531 quos
871 1459 966 1514 vocetis
979 1459 1104 1529 antiquos,
1143 1469 1144 1530 t

316 1554 389 1607 quam
407 1540 535 1590 oratorum
550 1539 652 1590 etatem
667 1535 846 1607 significatione
863 1537 913 1591 ista
924 1535 1106 1590 determinetis.
1143 1543 1144 1588 1

293 1613 374 1684 eligo
386 1613 452 1666 enim
464 1630 522 1666 enm
533 1610 608 1666 sudio
622 1612 746 1684 antiquos,
760 1613 879 1685 quosdam
895 1617 993 1668 veteres
1005 1617 1032 1666 et
1043 1611 1106 1666 olim
1143 1621 1144 1648 ³

317 1696 392 1744 natos
408 1689 538 1759 intelligo;
557 1705 587 1743 ee
604 1689 666 1744 nrilri
684 1697 817 1744 versantur
834 1694 892 1744 ante
909 1688 995 1744 oeulos
1013 1687 1108 1742 Ulixes
1143 1697 1144 1724 ³

318 1785 347 1821 ac
364 1766 468 1831 Nestor,
488 1782 594 1836 quorum
615 1770 677 1820 etas
694 1766 761 1820 mille
778 1767 831 1821 lere
848 1770 875 1822 et
892 1765 1012 1822 trecentis
1031 1765 1105 1819 annis
1143 1811 1144 1830 ,

318 1843 432 1898 smmum
448 1849 565 1897 nostrum
583 1841 725 1897 antecedit:
743 1861 789 1897 vos
806 1849 891 1897 autern
908 1841 1107 1898 Demosthenem

319 1924 348 1974 et
364 1918 522 1988 Hyperidem
539 1918 666 1988 profertis,
680 1937 743 1988 quos
761 1919 822 1974 satis
839 1925 939 1974 constat
953 1918 1063 1988 Philippi
1079 1923 1111 1973 et
1143 1915 1144 1952 ³

318 1993 458 2050 Alexandri
474 1993 630 2063 temporibus
651 1995 773 2060 domusse,
795 1996 832 2050 its
851 2001 938 2050 temen
956 2000 987 2050 nt
1004 1995 1108 2064 utrique

297 2072 472 2144 serpentem
488 2074 582 2126 essent.
616 2070 660 2125 Ex
678 2089 728 2141 qno
740 2075 851 2143 apparet,
863 2091 913 2128 non
930 2071 1109 2142 multoplures

320 2167 396 2221 quam
414 2148 609 2220 quadringentos
626 2165 709 2204 annos
725 2147 848 2204 interesse
866 2149 933 2204 inter
949 2152 1062 2203 nostram
1081 2153 1109 2203 et
1143 2195 1144 2208 ,

318 2233 498 2288 Demosthenis
506 2237 616 2287 etatem
653 2231 851 2304 Quodspatinm
859 2231 1109 2302 temporissiadin-
1143 2259 1144 2296 ,

320 2309 464 2364 firmitatem
476 2327 608 2378 corporum
616 2313 761 2364 nostrorum
773 2310 875 2376 referes,
884 2309 991 2363 tortasse
1002 2307 1109 2378 longum
1143 2319 1144 2362 ὲ

319 2385 452 2452 videntum
465 2385 498 2440 ed
514 2389 630 2440 naturam
642 2385 784 2441 seculorum
795 2405 824 2442 ao
840 2389 982 2457 respectum
992 2382 1111 2442 immensi
1143 2399 1144 2454 ξ

298 2463 396 2532 ehujns
414 2464 462 2518 aevi
477 2480 598 2533 perquam
615 2461 692 2516 breve
707 2463 772 2518 etin
787 2464 901 2534 proximo
913 2466 960 2518 est.
994 2457 1065 2515 Nam
1077 2464 1108 2526 si,
1143 2481 1144 2530 p

321 2543 351 2592 ut
369 2538 457 2592 Cicero
468 2539 496 2594 in
512 2538 650 2592 Hortensio
669 2539 763 2605 scribit,
776 2539 799 2594 is
815 2544 854 2596 est
871 2555 978 2610 magnus
993 2541 1020 2592 et
1032 2553 1110 2592 verus
1143 2533 1144 2586 l

321 2633 476 2686 nunus-qno
496 2614 583 2670 eedem
604 2615 696 2684 positio
717 2617 771 2672 eseli
790 2615 955 2686 siderumque,
976 2631 1031 2686 quae
1050 2632 1111 2670 cum
1143 2647 1144 2704 l

320 2691 428 2746 maxime
445 2697 492 2756 est,
510 2709 610 2744 rursum
623 2691 737 2756 exsistet,
750 2693 822 2764 isque
839 2711 919 2746 annus
935 2691 1033 2756 horum,
1045 2709 1110 2761 quos
1143 2715 1144 2760 2

320 2787 367 2823 nos
379 2786 504 2833 coeamus,
516 2785 638 2821 annornm
653 2767 783 2822 duodecim
795 2769 873 2823 millia
883 2771 1025 2839 nongentos
1037 2768 1110 2838 quin-
1143 2771 1144 2820 l

321 2845 442 2916 quaginta
450 2849 558 2916 quatuor
566 2844 750 2913 complectitur,
760 2845 847 2916 incipit
857 2844 1041 2902 Demosthenes
1053 2861 1110 2898 ves-
1143 2839 1144 2890 Ῐ

320 2926 368 2986 ter,
381 2940 456 2992 quem
474 2939 519 2975 vos
530 2927 641 2974 veterem
658 2925 684 2974 et
701 2921 831 2991 antiquum
847 2922 950 2994 fingitis,
963 2939 1015 2976 non
1026 2920 1109 2976 solum
1143 2941 1144 2962 1

320 2997 408 3052 eodem
419 3016 485 3054 anno
497 3014 547 3070 qno
558 3014 612 3060 nos,
625 2995 671 3050 sed
682 2997 735 3052 fere
746 2997 833 3054 codem
846 3017 931 3054 mense
943 2995 1080 3054 exstitisse.
