2575 3592
308 368 342 415 64
488 378 493 385 '
639 367 760 416 'l’ACITl

941 431 974 478 [a
984 431 1012 469 n.
1023 431 1046 470 c.
1057 432 1106 470 aaa.

285 483 381 537 ascula
406 480 582 550 quatientium.
618 481 785 552 Legionarius
811 479 904 550 pluteis
929 486 956 534 et
985 481 1107 535 cratibus

308 562 391 612 tectus
408 557 507 611 subruit
523 575 616 623 muros,
629 558 734 612 instruit
746 575 871 628 aggerem,
884 555 988 612 mofitur
1001 563 1106 628 portas.

308 635 404 690 Contra
419 634 565 704 praetoriani
582 633 718 706 dispositos
737 634 769 688 ad
787 634 813 689 id
834 635 916 704 ipsum
935 635 1044 690 molares
1065 637 1106 690 in·
1149 637 1150 724 p

284 713 379 782 egenti
388 711 496 782 pondere
508 729 537 765 ac
549 711 648 783 fragore
660 712 819 782 provolvunt.
856 712 919 766 Pars
932 711 1103 768 subeuntium

306 789 392 844 obmti
399 811 407 856 ;
425 807 483 860 pars
492 789 583 843 confixi
592 794 618 844 et
630 808 769 860 exsangues
777 789 911 855 autlaceri‚
922 808 979 844 cum
991 794 1103 860 augeret

307 870 418 938 stragem
429 865 573 936 trepidatio,
585 883 664 937 eoque
677 867 759 922 aerius
772 885 786 921 e
798 866 921 922 moenibus
935 865 1102 922 vulneraren-

284 947 357 1010 ttur,
369 943 466 998 rediere
477 942 585 999 intrante
596 945 705 1015 partium
723 944 797 998 fama.
833 944 868 998 at
882 943 988 1012 Caeoina,
1000 943 1102 1014 pudore

306 1029 395 1092 coeptae
406 1023 501 1075 temere
513 1020 716 1092 oppugnationis,
729 1039 761 1076 ne
773 1021 862 1076 irrisus
872 1039 901 1075 ac
912 1039 993 1075 uanus
1005 1020 1101 1076 iisdem

306 1098 395 1154 castris
407 1097 535 1162 assideret,
548 1098 655 1169 trajecto
667 1117 754 1152 mrsus
766 1097 836 1152 Pado
846 1099 995 1161 Cremonam
1007 1102 1101 1168 petere

283 1174 422 1228 dintendit.
458 1174 594 1230 Tradidere
621 1193 677 1230 sese
701 1175 804 1230 abeunti
833 1174 961 1228 Turullius
988 1174 1099 1230 Cerialis

305 1269 363 1306 oum
381 1251 550 1322 compluribus
568 1251 687 1320 classicis,
703 1255 730 1306 et
745 1251 830 1306 Julius
848 1251 1017 1323 Breganticus
1036 1269 1097 1306 oum
1149 1249 1150 1272 l

305 1329 392 1399 paucis
409 1330 531 1400 equitum,
543 1329 585 1384 hio
600 1329 736 1400 praeieotus
753 1329 806 1396 alae,
818 1329 846 1382 in
860 1328 964 1383 Batavis
981 1329 1097 1400 genitus,

304 1405 346 1460 ille
358 1405 524 1477 primipilaris,
541 1409 568 1460 et
582 1405 686 1461 Caecinae
703 1405 772 1460 haud
789 1405 893 1472 aliems,
905 1404 973 1476 quod
991 1405 1098 1462 ordines
1149 1401 1150 1440 ἶ

303 1483 331 1537 in
347 1483 481 1538 Germania
493 1481 607 1538 duxerat.

259 1570 297 1624 23
339 1559 472 1631 Spurinna,
480 1564 609 1631 comperto
620 1559 711 1614 itinere
723 1559 842 1626 hostium,
853 1559 981 1614 defensam
990 1559 1096 1616 Placen·

303 1636 366 1691 tiam
389 1655 495 1708 quaque
518 1641 575 1692 aeta
598 1641 624 1692 et
649 1637 710 1712 quid
729 1637 830 1692 Carina
848 1641 955 1708 pararet,
980 1637 1097 1692 Annium
1149 1669 1150 1680 κ

282 1713 404 1768 2Gallum
420 1733 467 1785 per
482 1714 568 1769 literas
582 1713 664 1769 docet.
701 1714 787 1768 Callus
803 1713 927 1786 legionem
944 1715 1051 1785 primam
1067 1716 1096 1770 in
1149 1709 1150 1714 ¹

303 1791 425 1845 auxilium
442 1791 578 1846 Placentia
597 1790 715 1856 ducebat,
735 1791 830 1847 diffisus
854 1791 981 1862 paucitate
1005 1791 1094 1846 cohor·
1149 1863 1150 1866 Ἴ

302 1869 375 1935 timo,
388 1887 421 1923 ne
435 1868 535 1940 longius
552 1867 677 1923 obsidium
694 1872 721 1923 et
737 1869 788 1923 vim
807 1869 949 1924 Germanici
964 1869 1093 1924 exercitus
1149 1875 1150 1892 ³

281 1962 392 2016 sparum
403 1946 549 2000 tolerarent.
586 1945 639 2000 Ubi
650 1945 752 2016 pulsum
768 1946 893 2001 Caecinam
906 1965 1012 2018 pergere
1030 1946 1093 2001 Cre-

303 2041 403 2077 monam
420 2023 524 2094 aocepit,
540 2041 607 2094 aegre
626 2023 761 2078 coercitam
777 2023 902 2092 legionem
920 2027 946 2078 et
961 2023 1094 2096 pugnandi
1149 2033 1150 2036 ’

303 2099 392 2155 ardore
403 2118 486 2170 nsque
497 2098 530 2154 ad
541 2099 691 2154 seditionem
704 2118 871 2172 progressam,
884 2100 1001 2155 Bedriaci
1012 2101 1090 2156 sistit.

302 2177 376 2233 Inter
391 2177 519 2232 Veronam
535 2176 734 2248 Cremonamque
755 2177 819 2232 situs
837 2177 973 2243 astricus,
992 2176 1091 2233 duabus

300 2255 353 2326 jam
366 2254 487 2309 Romanis
500 2252 612 2308 cladibus
624 2257 701 2307 notus
713 2253 897 2325 infaustaeque.

281 2346 298 2392 4
338 2331 433 2386 Iisdem
445 2330 533 2386 diebus
546 2349 561 2384 a
572 2329 672 2384 Marcio
684 2331 773 2385 Macro
786 2330 855 2385 haud
866 2330 955 2401 procul
966 2330 1094 2387 Cremona

302 2426 422 2480 prospere
430 2412 578 2480 pugnatum.
615 2407 733 2478 Namque
745 2412 877 2478 promptus
887 2408 964 2462 animi
976 2407 1090 2464 Marcius

302 2490 460 2540 transvectos
472 2485 579 2540 navibus
591 2483 742 2556 gladiatores
754 2485 782 2538 in
793 2484 923 2540 adversam
935 2484 998 2539 Padi
1010 2485 1090 2556 ripam

281 2566 407 2634 trepente
422 2561 518 2615 effudit.
553 2561 667 2616 Turbata
685 2561 720 2616 ibi
737 2561 931 2616 Vitellianorum
943 2562 1041 2626 auxilia
1054 2568 1090 2632 et,

302 2639 400 2695 catoris
424 2638 574 2692 Cremonam
598 2637 764 2709 fugientibus,
786 2639 845 2694 caesi
868 2639 912 2710 qui
934 2640 1088 2694 restiterant.

304 2716 353 2771 sed
370 2734 500 2787 repressus
518 2715 672 2770 vincentium
690 2715 807 2786 impetus,
827 2735 859 2771 ne
879 2716 950 2771 novis
972 2715 1089 2772 subsidiis

280 2794 394 2847 tfirmati
412 2792 499 2846 hostes
516 2791 644 2846 fortunam
664 2793 743 2862 praelii
765 2798 900 2848 mutarent.
937 2793 1089 2862 Suspectum

302 2870 329 2926 id
340 2870 491 2926 Othonianis
503 2868 560 2934 fuit,
574 2870 658 2923 omnia
669 2869 761 2924 ducum
774 2871 841 2925 faeta
857 2889 933 2940 prave
945 2869 1088 2927 aestimanti-

302 2948 358 3005 bus.
394 2946 526 3014 Certatim,
538 2952 569 3002 ut
581 2947 687 3018 quisque
699 2948 781 3003 animo
797 2949 912 3020 gnavus,
926 2967 1020 3018 procax
1036 2967 1087 3015 ore,
