2575 3592
431 420 684 482 Hrsronmnnm
703 423 725 468 r.
743 425 811 469 1-5.
1011 420 1026 468 e

237 483 356 532 noun]

237 533 355 604 ambigua
378 514 520 587 manifeste.
555 533 612 588 Noc
635 532 703 588 enim
725 550 837 602 unquam
861 530 1049 588 atrocioribuse

236 611 322 681 populi
333 611 443 664 Romani
459 609 573 664 cladibus
584 610 696 681 magisve
706 609 782 680 justis
794 608 893 664 indiciis
906 609 1026 680 approba·
1140 645 1143 652 ·

236 691 292 742 tum
307 695 348 742 est
364 706 417 742 non
433 705 490 742 esse
505 706 572 742 curm
588 687 641 742 deit
658 687 820 744 securitatem
836 691 956 752 nostram,
971 705 1026 744 esse

236 765 391 892 ”ltdintdidrm
403 838 538 905 antequem
549 833 678 890 destincte
693 851 848 904 componam,
860 833 1049 905 repetendnmt

235 911 336 971 ridetur
347 912 429 984 quulis
446 917 531 970 status
545 911 624 976 urbis,
637 931 694 982 que
705 929 776 966 mens
789 912 953 976 exercituum,
968 911 1024 982 quis

235 988 338 1047 habitus
352 990 545 1060 provinciarum,
557 989 620 1060 quid
633 989 660 1044 in
672 992 728 1043 toto
743 993 867 1046 terrerum
884 989 946 1044 orbe
964 989 1024 1043 vuli-

235 1065 304 1134 dnm
316 1066 377 1138 quid
388 1086 485 1138 aegrum
496 1067 581 1132 fuerit,
594 1071 624 1120 ut
636 1085 688 1122 non
699 1065 773 1120 modo
781 1085 855 1122 cesus
867 1071 1024 1137 eventusque

234 1161 328 1209 remur,
349 1145 394 1215 qui
413 1145 561 1216 plerumque
578 1144 681 1200 fortuiti
699 1148 767 1208 sunt,
789 1143 835 1200 sed
857 1143 922 1198 ratio
945 1143 1022 1198 etiam

234 1238 366 1292 conseque
388 1226 533 1277 noscuntur.
569 1221 640 1277 Finis
665 1221 774 1279 Neronis
798 1225 828 1276 ut
845 1221 918 1278 letus
942 1221 1044 1292 prim02

233 1297 399 1368 gundentium
413 1299 512 1369 impetu
523 1298 615 1364 fuerat,
628 1298 666 1354 ita
682 1298 765 1354 varios
780 1302 865 1354 motus
882 1299 1022 1373 enimorum

233 1393 286 1432 uon
302 1375 376 1430 modo
393 1375 421 1431 in
438 1376 500 1433 urbe
518 1375 586 1446 apud
602 1380 688 1447 patres
709 1379 755 1430 aut
776 1375 896 1446 populum
917 1381 962 1430 unt
982 1395 1022 1430 ur-

233 1450 327 1510 banum
343 1453 457 1519 militem,
472 1453 518 1508 sed
533 1471 620 1508 omnes
636 1453 748 1524 legiones
764 1452 892 1524 ducesque
908 1453 1021 1508 concive·

233 1533 281 1595 rat,
295 1530 412 1601 evulgato
421 1530 520 1600 imperii
528 1548 626 1595 arcano,
637 1549 711 1600 posse
723 1529 860 1600 principem
874 1529 933 1585 alibi
946 1549 1020 1600 quem

232 1607 323 1662 Rome
333 1608 395 1663 fieri.
431 1607 482 1662 Sed
497 1611 582 1678 patres
595 1607 656 1672 leti,
669 1611 792 1678 usurpata
803 1607 890 1662 statim
902 1607 1041 1664 libertate3

231 1683 349 1753 licentius
366 1688 397 1738 nt
417 1703 479 1756 erge
495 1684 635 1755 principem
651 1703 745 1740 novum
764 1688 790 1738 et
807 1683 952 1751 absentem3
970 1686 1019 1755 pri·

231 1779 315 1819 morer
334 1761 449 1832 equitnm
471 1761 581 1832 proximi
599 1760 693 1833 gaudio
717 1764 838 1832 petrum;
856 1780 914 1832 pers
933 1762 1020 1832 populi

230 1837 332 1909 integra
349 1843 376 1893 et
389 1837 487 1910 mugnis
505 1837 621 1893 domibus
639 1856 744 1903 annexa,
764 1837 868 1896 clientes
885 1838 1019 1909 libertique

231 1914 406 1971 damnatorum
418 1925 445 1970 et
454 1915 556 1970 exulum
567 1915 594 1970 in
606 1934 677 1986 spem
686 1915 777 1970 erecti:
796 1915 867 1985 plebs
880 1915 981 1970 sordide
992 1921 1019 1972 et

230 1991 298 2049 circo
316 2011 346 2048 ac
360 1992 468 2048 theatris
483 1996 564 2059 sueta,
577 1993 654 2048 simul
670 1991 799 2068 deterrimi
817 2011 955 2058 servorum,
973 1999 1018 2048 aut

230 2070 276 2140 qui
287 2069 368 2126 adesis
377 2069 450 2126 bonis
462 2088 506 2140 per
516 2069 623 2124 dedecus
632 2070 743 2127 Neronis
753 2069 892 2135 alebantur,
900 2071 982 2126 mesti
991 2075 1017 2124 et

229 2147 441 2204 rumorumaridi.
457 2147 534 2202 Miles
543 2146 655 2201 urbanus
662 2146 737 2218 longo
746 2147 873 2203 Caesarum
880 2149 1041 2206 sacramen-5

229 2227 260 2278 to
270 2224 393 2290 imbutus,
405 2229 433 2280 et
445 2224 477 2278 ed
489 2223 676 2278 destituendum
690 2223 820 2278 Neronem
832 2228 887 2280 erte
899 2225 978 2296 magis
990 2229 1017 2280 et

228 2299 419 2372 impulsuqunm
424 2319 471 2356 suo
478 2301 579 2372 ingenio
586 2299 727 2366 traductus,
733 2304 867 2372 postquem
875 2301 1017 2372 nequederi

229 2377 377 2432 donativum
387 2379 544 2435 subnomine
557 2377 643 2433 Gelbae
655 2377 814 2448 promissum,
824 2396 906 2449 neque
917 2379 1015 2450 magnis

228 2455 327 2511 meritis
336 2474 365 2512 uc
373 2455 482 2528 premiis
491 2454 602 2510 eundem
613 2455 641 2510 in
653 2472 713 2526 poce
721 2473 796 2525 quem
808 2454 835 2510 in
845 2454 912 2514 hello
924 2456 1014 2524 locum,

227 2537 432 2604 praeventamque
442 2532 551 2604 gratiam
562 2531 683 2602 intelligit
695 2531 762 2602 apud
774 2531 912 2603 principem
927 2533 1015 2604 elegi-

227 2609 430 2674 onihusfectum,
439 2628 534 2680 pronus
544 2608 715 2673 adnovssres,
724 2609 817 2664 scelere
826 2609 928 2680 insuper
936 2609 1014 2681 Nym·

226 2686 308 2756 phidii
321 2686 406 2742 Sabini
420 2687 532 2757 prefecti
548 2686 680 2756 imperium
697 2685 746 2740 sibi
757 2685 882 2741 molientis
894 2687 1012 2758 agitatur.

226 2764 265 2820 Et
278 2765 449 2837 Nymphidius
467 2765 568 2836 quidem
585 2765 679 2836 inipso
695 2769 788 2820 conatu
799 2783 950 2834 oppressus:
969 2765 1035 2820 sed2

227 2843 342 2912 quumvis
359 2843 442 2914 capite
459 2842 608 2898 delectionis
628 2841 720 2906 ublato,
745 2841 863 2895 manebat
886 2841 1013 2912 plerisque

225 2918 337 2977 militum
348 2921 508 2989 conscientia,
520 2938 568 2975 nec
579 2919 683 2974 deerant
693 2936 820 2973 sermones
829 2919 926 2976 senium
935 2921 1013 2986 utque

225 2997 358 3056 evurtium
369 2997 457 3057 Guhae
472 2996 665 3069 increpantium.
700 2994 818 3052 Laudatur
831 2994 891 3048 olim
906 2997 933 3048 et
948 2991 1033 3049 mili-3
