2575 3592
190 473 211 511 a
230 471 251 511 D
266 471 310 520 m
383 392 636 459 ursroamn'uu
653 410 689 458 11.
707 412 809 460 m-aa.
955 415 986 464 es

189 528 247 576 tem
259 521 353 585 iurare,
365 521 461 576 crebris
472 523 594 594 epistolis,
602 520 657 575 sine
669 525 787 594 respectu
799 517 886 590 venire,
894 524 987 594 probra

190 598 292 652 Othoni
303 597 470 670 objectantes,
478 618 537 654 omn
549 599 626 655 duwe
633 600 745 670 partium
752 599 861 654 Othonis
869 603 985 670 quemvis

188 675 321 730 uberrima
332 676 500 731 conviciorum
512 676 540 731 in
551 677 683 732 Vitalium
698 677 805 731 materia
820 676 984 734 abstinerent.

190 753 261 807 Sane
272 755 332 806 ante
343 753 477 823 utriusque
484 753 587 819 exitum,
598 772 649 825 qno
661 753 788 826 egregiam
801 753 870 808 Otho
883 754 1028 822 lamam,81

190 828 313 883 Vitellius
336 827 559 901 flagitiosissimam
581 845 703 896 meruere,
725 831 809 886 minus
831 831 929 886 Vitellii
948 833 985 904 ig·

190 925 265 961 navae
276 907 420 978 voluptates
432 926 509 978 qnam
524 908 634 964 Othonis
650 909 851 980 flagrantissime
868 909 984 965 libidines

189 983 356 1038 timebuntur.
404 983 543 1039 Addiderat
570 985 629 1040 huic
652 990 775 1040 terrorem
798 990 875 1056 atque
899 986 1007 1041 odinmt

190 1060 275 1116 cordas
287 1060 390 1116 Galbae:
409 1067 499 1116 contra
509 1062 546 1116 illi
561 1062 661 1116 initium
673 1062 731 1118 belli
743 1081 817 1116 nemo
834 1063 983 1133 imputabat.

191 1137 315 1192 Vitellius
336 1144 425 1192 venue
446 1141 473 1192 et
496 1137 557 1210 gula
576 1138 625 1193 sibi
645 1138 802 1203 inhonestus,
822 1139 891 1194 Otho
913 1140 984 1209 luxu,

191 1214 298 1282 sevitia,
311 1213 423 1281 andacia,
434 1215 473 1268 rei
484 1214 590 1285 publice
602 1213 733 1270 exitiosior
744 1214 892 1270 ducebatur.

229 1291 379 1362 conjunctis
403 1291 509 1347 Oaecinae
532 1310 562 1348 aa
585 1292 700 1346 Valentia
724 1292 802 1363 copiis
825 1293 895 1346 nulla
917 1293 1007 1350 ultra3

190 1386 271 1439 penes
294 1368 444 1424 Vitellianos
467 1387 538 1424 mora
561 1370 622 1441 quin
645 1370 708 1424 totis
728 1369 824 1424 viribus
849 1374 982 1426 certarent.

192 1445 266 1499 Otho
289 1445 448 1511 consultavit,
472 1447 540 1502 trahi
560 1447 653 1502 bellum
672 1465 705 1502 an
724 1447 853 1501 fortunam
877 1448 985 1518 experiri

192 1521 314 1594 placaret.
349 1523 421 1578 'lunc
437 1524 575 1578 Suetonius
589 1524 711 1578 Paulinus
728 1523 833 1595 dignum
853 1523 920 1578 sama
938 1533 1013 1579 sual

191 1607 274 1666 ratus,
293 1617 344 1671 qua
359 1619 433 1656 nemo
449 1601 493 1656 illa
509 1605 661 1672 tempestate
679 1602 795 1657 militaris
812 1601 850 1656 rei
873 1601 985 1658 callidior

192 1677 342 1743 habebatur,
355 1677 387 1733 de
399 1682 455 1733 toto
466 1697 559 1750 genere
571 1678 630 1733 belli
641 1698 751 1744 censere,
771 1678 984 1733 “festinationem

192 1754 319 1820 hostibus,
337 1773 432 1810 moram
450 1757 511 1827 ipsis
529 1756 634 1811 utilem''
654 1756 791 1812 disseruit:
812 1759 827 1785 “
836 1755 984 1812 Exercitum
992 1759 1029 1814 32

192 1832 293 1886 Vitellii
319 1833 465 1888 umrersum
488 1833 626 1898 advenisse,
651 1852 698 1888 nec
721 1833 830 1888 multum
854 1833 946 1888 virium
969 1851 985 1887 a

192 1913 276 1980 tergo,
299 1911 418 1980 qnoniam
442 1910 529 1966 Gallie
555 1913 679 1977 tumeant,
704 1915 730 1966 et
754 1910 870 1966 deserere
899 1910 985 1966 Rheni

192 1987 283 2056 ripam,
293 1987 430 2058 irrupturis
441 1991 494 2042 tam
507 1987 607 2042 infestis
618 1987 774 2052 nationibus,
786 2006 838 2042 non
850 1987 982 2042 conducat.

192 2063 368 2119 Britannicum
381 2065 487 2120 militem
499 2064 573 2119 hoste
585 2073 611 2118 et
622 2065 687 2120 mari
696 2065 811 2120 distineri
821 2085 828 2129 ;
845 2064 1005 2135 Hispanias2

192 2144 269 2198 ermis
291 2145 405 2199 nonita
427 2143 584 2210 redundare3
613 2145 768 2214 provinciam
791 2144 984 2199 Narbonensem

191 2223 297 2277 incursu
308 2222 395 2278 classis
407 2227 434 2277 et
446 2222 551 2277 adverso
563 2222 649 2292 praelio
657 2223 854 2288 contremuisse3
873 2221 983 2276 clansam

191 2299 309 2371 Alpibus,
321 2303 349 2354 et
359 2300 429 2355 nullo
440 2300 516 2354 maris
528 2299 649 2364 subsidio,
662 2299 858 2370 transpadanam
872 2297 982 2365 Italiam,

191 2382 271 2447 atque
287 2377 344 2448 ipso
360 2377 471 2432 transito
488 2378 614 2432 exercitus
628 2380 726 2432 vastam
734 2399 741 2442 ;
759 2394 811 2430 non
827 2377 983 2431 frumentum

191 2472 301 2525 usquam
319 2454 450 2520 exercitui,
471 2472 519 2509 ucc
539 2455 678 2510 exereitum
702 2453 757 2510 sinc
780 2453 858 2524 copiis
879 2453 983 2508 retineri

192 2550 275 2602 posse.
322 2531 380 2586 Jam
405 2532 552 2595 Germanos,
576 2531 643 2602 quod
667 2550 748 2602 genus
776 2531 887 2586 militum
916 2529 1004 2602 apudt

192 2608 280 2664 hostes
291 2609 477 2664 atrocissimum
489 2609 531 2675 sit,
544 2612 627 2663 tracto
642 2609 670 2664 in
687 2613 801 2664 aestatem
817 2608 890 2674 bello,
907 2607 983 2663 fluxis

193 2686 348 2756 corporibus,
365 2687 532 2744 mutationem
550 2686 597 2741 soli
614 2687 718 2758 celique
735 2686 804 2742 haud
821 2686 981 2740 toleraturos.

192 2761 279 2817 Multa
297 2763 371 2828 bella,
390 2764 489 2835 impetu
508 2764 598 2832 valida,
616 2784 663 2836 pcr
682 2765 759 2820 taedia
776 2773 802 2819 et
822 2781 904 2817 moras
926 2779 983 2816 eva-

192 2840 286 2895 nuisse.
321 2841 419 2896 Orrntra
436 2841 498 2912 ipsis
517 2843 602 2897 omnia
621 2842 741 2912 opulenta
759 2845 785 2896 ct
805 2839 862 2906 fidrr,
883 2839 1006 2892 Panno-e

191 2918 266 2983 ruam,
291 2918 418 2984 Moesiarn,
442 2919 605 2986 Dalmatiam,
629 2920 768 2984 Orientem,
795 2935 852 2972 cum
874 2913 982 2982 integris

191 2996 353 3066 crateribus,
363 2997 466 3054 Italiam
477 3001 505 3052 ct
516 3001 593 3069 caput
604 3015 690 3053 rerum
705 2997 801 3060 urbem,
817 2993 982 3058 senatumque
