2575 3592
197 501 225 539 A·
236 500 262 540 D·
274 501 315 550 m]
378 440 629 491 HISTORIARUM
648 440 693 490 IV.
709 440 811 487 58—60.
941 441 986 489 196

196 552 261 605 tiam
284 550 357 619 detis,
378 555 423 606 aut
443 558 568 607 maturam
585 556 612 609 et
630 554 684 608 sine
701 569 768 606 noxa
784 550 986 621 poeniteutiam.''

195 627 276 681 Varie
288 631 394 699 excepta
405 630 493 695 oratic,
503 630 570 684 inter
580 650 649 702 spem
658 633 804 699 metumque
816 645 846 682 ac
856 626 986 698 pudorem.
996 632 1033 685 59

195 704 345 775 Digressum
365 706 496 771 Voculam,
510 711 536 761 et
549 706 580 761 de
598 707 721 778 supremis
739 706 886 775 agitantem,
902 704 989 759 liberti

194 781 313 852 servique
330 782 487 851 prohibuere,
505 782 668 839 foedissimam
685 787 793 837 mortem
810 784 901 851 sponte
924 799 988 851 prse-

194 857 291 913 venire.
327 858 362 913 nt
375 858 509 924 Classicus,
519 859 596 915 misso
608 859 711 915 AEmilio
722 858 847 930 Longino,
860 857 988 912 desertore

194 938 284 1011 prima
295 938 408 1009 legionis,
422 938 515 994 cadem
531 940 586 1011 ejus
603 940 748 995 maturavit.
785 939 943 993 Herennium
960 943 1011 993 et2

194 1016 350 1081 Numisium,
363 1016 483 1087 Legatos,
497 1018 585 1072 vinciri
597 1019 659 1073 satis
671 1018 761 1072 visum.
791 1016 866 1084 Dein,
878 1016 987 1086 sumptis

193 1093 307 1149 Romani
322 1094 428 1164 lmperii
444 1094 593 1166 insignibus,
612 1096 640 1149 iu
658 1099 742 1149 castra
757 1094 836 1148 venit.
873 1094 930 1148 Nec
942 1093 988 1156 illi,

194 1188 340 1242 quanquam
361 1170 393 1225 ad
413 1190 487 1226 omne
509 1172 607 1226 facinus
632 1170 731 1234 durato,
748 1169 825 1224 verba
841 1169 910 1225 ultra
927 1190 990 1241 sup-

193 1245 349 1318 peditavere,
362 1266 437 1319 quam
448 1251 478 1301 ut
491 1251 675 1303 sacramentum
692 1247 818 1301 recitaret.
855 1247 873 1299 J
875 1265 988 1315 uravere,

194 1322 242 1394 qui
265 1322 375 1388 aderam,
400 1342 446 1395 pro
469 1324 580 1395 Imperio
605 1324 749 1379 Galliarum.
791 1323 1012 1382 Interfectoremt

196 1399 304 1455 Voculae
322 1400 379 1455 altis
397 1400 534 1467 ordinibus,
553 1405 666 1466 caeteros,
683 1405 715 1455 ut
734 1399 840 1471 quisque
863 1400 988 1471 flagitium

193 1480 340 1541 novaverat,
353 1477 460 1547 premiis
473 1478 574 1533 attollit.
611 1478 706 1533 Divisa
717 1476 776 1532 inde
787 1477 854 1531 inter
865 1476 987 1531 Tutorem

195 1556 224 1607 et
246 1552 386 1607 Classicum
406 1572 480 1609 curse.
517 1554 598 1609 Tutor
618 1554 702 1608 valida
720 1572 798 1608 manu
819 1553 1007 1611 circumdatoss

194 1628 403 1699 Agrippinenses,
423 1634 595 1702 quantumque
613 1631 724 1685 militum
744 1629 812 1701 apud
830 1630 987 1701 superiorem

194 1706 283 1761 Rheni
300 1706 387 1777 ripam,
402 1706 528 1763 iraeadem
539 1709 618 1763 verba
629 1707 717 1779 adigit,
729 1707 818 1762 omisis
830 1707 987 1778 Mogontiaci

193 1783 322 1850 Tribunis,
343 1784 418 1854 pulso
441 1789 582 1840 castrorum
602 1785 734 1850 Praefecto,
760 1784 804 1855 qui
829 1784 986 1840 dehectare-

192 1865 260 1916 rant.
298 1860 422 1916 Olassieus
435 1862 653 1933 corruptissimum
665 1880 788 1933 quemque
800 1880 814 1916 e
826 1860 918 1916 deditis
930 1870 1011 1933 per-6

192 1946 255 2010 gere
267 1938 297 1993 ad
310 1938 427 2008 obsessos
435 1938 519 2009 jubet,
532 1938 631 1993 veniam
642 1943 807 2005 ostentantes,
819 1938 843 1993 si
853 1940 988 2009 prasentia

193 2019 376 2085 sequerentur:
396 2014 470 2071 aliter
487 2016 550 2071 nihil
569 2016 630 2087 spei.
666 2016 769 2071 Famem
791 2016 936 2087 ferrumque
959 2021 987 2071 et

193 2095 309 2145 extrema
329 2105 458 2162 passuros.
494 2092 624 2165 Adjecere,
647 2094 691 2164 qui
713 2092 785 2148 missi
804 2096 884 2157 erant,
903 2111 987 2147 exem·

193 2166 266 2237 plum
287 2186 368 2223 suum.
404 2168 529 2223 Obsessos
548 2170 607 2225 hinc
625 2170 695 2235 fides,
714 2169 774 2223 inde
792 2173 901 2240 egestas,
918 2169 986 2223 inter
994 2174 1032 2228 60

193 2242 273 2297 decus
292 2260 321 2299 ac
342 2245 467 2315 flagitium
488 2244 669 2301 distrahebant.
705 2245 888 2300 Cunctantibus
912 2245 987 2300 solita

191 2319 347 2391 insolitaque
359 2321 477 2377 alimenta
489 2322 607 2389 deerant3
626 2322 767 2393 absumptis
773 2321 895 2393 jumentis
904 2322 986 2393 equis·

192 2416 244 2471 que
266 2402 293 2453 et
317 2400 414 2455 caeterh
438 2400 594 2467 animalibus,
613 2420 670 2473 qum
692 2400 798 2472 prolana
819 2399 935 2471 foedaque
957 2401 986 2456 in

191 2494 269 2530 usum
281 2474 418 2531 necessitas
430 2478 517 2533 vertit.
546 2478 668 2549 Virgulta
679 2482 806 2549 postremo
818 2481 845 2532 et
857 2478 948 2549 stirpes
957 2483 1008 2536 eta

192 2551 335 2608 internatas
347 2552 414 2609 saxis
426 2555 519 2610 herbas
529 2556 661 2622 vehentes,
671 2554 829 2609 mseriarum
845 2555 985 2625 patientiae-

194 2646 244 2700 que
263 2630 443 2686 documentum
463 2632 550 2687 luere:
570 2632 650 2687 donec
671 2632 799 2703 egregiam
818 2630 918 2687 laudem
935 2632 984 2687 fine

192 2706 264 2777 turpi
281 2710 446 2774 macularent,
458 2708 542 2763 missis
555 2709 586 2764 ad
600 2709 704 2764 Civilem
715 2708 814 2780 legatis,
823 2709 902 2764 vitam
913 2726 984 2762 oran-

190 2784 242 2837 tes.
278 2782 369 2855 Neque
384 2790 444 2839 ante
458 2804 546 2857 preces
563 2786 685 2850 admissa,
699 2804 775 2857 quam
789 2786 817 2840 in
833 2785 910 2840 verba
926 2784 1007 2840 Gal-a

190 2860 285 2917 liarum
297 2864 422 2931 jurarent.
459 2864 634 2935 Tempestas
653 2864 763 2935 predam
778 2871 925 2925 castrorum,
939 2861 983 2916 dat

190 2936 321 3004 custodes,
341 2939 384 3011 qui
402 2940 542 3011 pecuniam,
561 2941 669 3005 calones,
689 2940 800 2995 sarcinas
817 2943 981 3004 retentarent,

190 3034 223 3071 ac
234 3015 279 3089 qui
290 3015 360 3087 ipsos
372 3016 440 3073 leves
458 3017 581 3073 abeuntes
599 3021 819 3090 prosequerentur.
855 3013 896 3067 od
910 3014 1007 3085 quin-4
