2575 3592
300 424 347 470 144
629 426 748 473 TAClTl

920 486 956 535 pr.
966 486 994 525 n.
1005 486 1028 525 c.
1037 484 1084 526 sos

278 534 448 590 tilermamoo
459 534 534 591 foret
551 534 629 591 Nunc
640 537 770 607 pecuniam
783 538 809 590 et
826 533 944 589 familiam
956 540 983 589 et
995 535 1086 590 beatos

299 610 442 683 Gampsnie
461 612 531 667 sinus
548 613 678 684 promitti:
705 612 751 669 sed
770 611 815 667 ubi
835 612 966 683 imperium
986 611 1088 681 Vespa·

300 688 386 743 sianus
397 688 524 753 invaserit,
535 706 587 743 non
600 689 656 760 ipsi,
669 708 720 744 non
736 690 822 745 smieis
834 688 896 760 ejus,
909 706 961 743 non
976 686 1087 757 denique

300 764 452 820 exercitibus
467 766 637 832 securitatem,
650 766 700 821 nisi
716 767 842 822 exstincto
854 765 1008 832 emulatore,
1019 764 1089 819 redi·

279 845 392 896 stursm
427 842 534 897 Fabium
554 842 603 897 illis
624 842 766 911 Valentem,
786 842 913 915 captivum
936 848 964 897 et
984 840 1088 897 ossuum

302 916 384 972 dubiis
395 923 560 985 reservatum,
569 938 723 990 proegrsvem
732 920 822 975 luisse:
841 918 934 981 nedum
943 917 1046 973 Primus
1058 932 1089 972 co

302 993 398 1049 Fuscus
415 998 442 1049 et
459 995 584 1064 specimen
599 996 710 1067 portium
726 997 862 1051 Mucianus
878 994 953 1049 ullam
966 994 995 1049 in
1006 993 1089 1049 Vitel-

281 1069 362 1124 tlium
378 1070 428 1125 nisi
438 1070 567 1127 occidendi
582 1072 708 1128 licentiam
724 1072 841 1129 hsbesut.
877 1071 938 1126 Non
954 1089 970 1125 s
986 1070 1089 1125 (insere

302 1147 457 1217 Pompeium,
469 1165 521 1203 non
532 1147 564 1203 sb
578 1149 699 1220 Augusto
709 1152 850 1205 Antonium
866 1148 1005 1205 incolumes
1016 1146 1089 1203 relio-

302 1228 351 1287 tos,
380 1223 431 1279 nisi
457 1223 523 1280 lorto
549 1225 722 1297 Vespasianus
750 1226 851 1281 altiores
877 1225 983 1295 spiritus
1006 1228 1088 1296 geret,

304 1300 402 1356 Vitellii
428 1300 512 1367 cliens,
536 1319 596 1357 cum
619 1303 738 1359 Vitellius
761 1303 857 1375 collega
880 1301 987 1358 Claudio
1012 1302 1089 1357 foret

283 1377 382 1443 eQuin,
400 1381 430 1433 nt
447 1396 579 1435 censuram
595 1380 682 1450 potuis,
702 1384 733 1435 nt
752 1384 806 1436 tres
824 1379 977 1444 oonsulntus,
997 1383 1027 1433 ut
1048 1380 1090 1433 tot

304 1455 411 1527 egregie
423 1454 511 1511 domus
526 1456 634 1511 honores
652 1456 760 1523 deceret,
773 1456 948 1529 desperatione
961 1455 1052 1511 ssltem
1063 1455 1091 1509 in

305 1531 433 1587 audacium
455 1534 635 1604 accingeretur.
670 1534 790 1591 Perstnrs
816 1534 929 1599 militem,
957 1550 1091 1604 superesse

199 1647 202 1652 -
286 1608 390 1668 tstudu
400 1609 492 1680 populi
526 1610 643 1681 Denique
660 1611 723 1667 nihil
734 1611 844 1667 atrocius
853 1614 1002 1665 eventurum
1013 1624 1090 1679 qnam

305 1685 333 1741 in
348 1686 416 1756 quod
432 1690 522 1758 sponte
537 1691 621 1743 ruunt.
657 1688 819 1743 Moriendnm
833 1685 915 1754 victis,
932 1684 1091 1741 moriendum

306 1761 415 1817 deditis:
445 1762 472 1817 id
495 1762 577 1819 solum
599 1763 700 1830 referre,
722 1764 885 1819 novissimum
905 1761 1022 1834 spiritum
1046 1778 1093 1832 per
1146 1804 1147 1815 2

306 1838 441 1893 lubibrium
462 1843 489 1894 et
509 1840 673 1895 contumelias
693 1840 824 1896 effundunt
844 1858 877 1895 sn
895 1856 941 1911 per
959 1838 1093 1893 virtutem.

264 1914 395 1977 67Surdae
417 1914 450 1969 nd
471 1915 549 1971 tortis
568 1916 673 1971 consilis
690 1916 795 1973 Vitellio
815 1934 895 1971 sures.
929 1912 1096 1971 Obrnebctnr

308 1990 405 2045 animus
432 1991 592 2047 miseratione
614 2010 733 2064 cursqne,
760 2011 793 2049 ns
818 1991 988 2064 pertinacibus
1015 1990 1096 2045 ermis

308 2067 391 2123 minus
402 2065 549 2138 plscsbilem
554 2069 676 2125 victorem
684 2069 838 2141 relinqueret
849 2067 952 2140 conjugi
963 2065 1098 2121 seliboris.

286 2143 740 2217 2Erstillietlesssoetotepsrens3
759 2164 815 2217 quio
829 2143 1022 2215 tumenpsucis
1035 2147 1098 2197 ante

308 2220 404 2287 diebus,
428 2225 571 2292 opportuno
592 2226 675 2279 morte
699 2221 826 2279 excidium
848 2220 938 2276 domus
961 2220 1097 2290 prevenit,

307 2298 371 2353 nihil
393 2298 535 2369 principotu
557 2298 603 2353 lilii
625 2302 742 2355 assecuta
764 2298 814 2355 uisi
836 2297 933 2353 luctum
951 2299 978 2351 et
1001 2295 1100 2351 bonnm

308 2373 407 2431 lantum.
418 2375 477 2429 XV.
491 2374 619 2430 Kalendas
626 2375 770 2441 lanuarias,
779 2373 866 2429 audita
877 2372 1019 2428 deiectione
1034 2372 1101 2443 legi-

307 2450 364 2505 onis
382 2451 581 2521 cohortiumque,
601 2470 658 2522 qoae
679 2469 708 2507 se
727 2452 832 2507 Nomio
851 2448 1006 2513 dediderunt,
1026 2448 1101 2520 pullo

287 2527 402 2586 tanictu
418 2527 517 2583 Palatio
531 2526 684 2599 degreditur,
702 2531 791 2583 mesto
804 2527 898 2583 circum
915 2524 1016 2581 familis
1061 2525 1102 2580 st

309 2603 362 2657 mul
379 2603 509 2659 ferebatur
527 2603 644 2661 lecticrds
663 2604 783 2675 paruulus
799 2604 873 2668 filius,
894 2602 965 2658 velut
982 2602 1010 2657 in
1027 2600 1102 2657 iuno

309 2678 379 2735 brem
391 2694 514 2749 pompam.
550 2679 634 2736 Voces
647 2680 733 2755 populi
746 2679 844 2737 blande
859 2684 886 2735 et
897 2678 1102 2748 intempestivoe3

267 2755 381 2812 68miles
396 2754 487 2809 minsci
502 2754 610 2810 silentio.
644 2756 703 2811 Nec
719 2756 852 2828 quisquam
867 2754 930 2811 sdeo
946 2771 1035 2809 rerum
1053 2753 1104 2809 hu·

208 2847 214 2857 ·
309 2848 440 2885 mensuum
456 2829 587 2887 immemor
603 2850 680 2903 quem
697 2847 749 2887 non
765 2834 935 2888 commoveret
952 2828 997 2885 illo
1011 2828 1103 2895 {scies

310 2906 455 2962 Romarm
476 2906 615 2977 principem
635 2911 665 2963 et
687 2908 787 2979 generis
810 2906 915 2964 humaui
939 2904 1015 2977 poulo
1039 2909 1103 2961 ante

310 2981 449 3049 dominum,
464 2981 553 3039 relicto
567 2982 677 3040 roem
693 3001 746 3041 sne
763 2982 831 3051 sede.
846 3000 892 3055 per
906 2980 1037 3055 populum·
1053 2998 1102 3051 1³0¹
