2575 3592
199 466 225 504 A„
237 464 256 503 D
272 464 315 513 ⁶9]
373 400 624 451 marcomanni
641 400 678 450 ΙΙ.
696 402 799 451 92-95.
938 404 983 454 108

197 514 319 569 Vitellius
341 515 446 567 utnon
474 513 531 584 plus
559 512 635 568 militi
663 512 758 568 liceret.
795 512 848 568 Sibi
877 514 983 585 quisque

196 590 315 647 militiam
328 608 474 661 sumpsere:
491 591 606 661 quamvis
622 588 749 661 indignus,
767 589 789 644 si
804 590 842 645 ita
852 590 982 657 maluerat,

195 667 302 722 urbana
320 667 417 722 militia
435 667 623 734 ascribebatur3
653 684 741 721 narsus
762 666 834 721 bonis
854 685 983 723 remanere

196 744 266 799 inter
276 742 426 817 legionarios
435 747 481 798 aut
492 743 571 799 alares
582 742 725 799 solentibus
736 744 893 815 permissum.
928 745 954 799 N
955 756 1008 803 cot

196 820 303 875 deerant
319 821 364 892 qui
380 820 483 886 vellent,
500 821 562 876 fessi
578 820 671 875 morbis
689 823 716 875 et
735 820 908 891 intemperiem
930 821 984 876 coli

195 897 352 953 incusantes.
387 897 492 953 Robora
516 901 603 952 tamen
629 896 771 968 legionibus
800 898 895 969 alisque
925 898 984 953 sub-

196 979 288 1043 tracta
311 976 460 1031 convulsum
483 979 623 1031 castrorum
647 975 731 1041 decus,
755 976 849 1048 viginti
874 976 984 1032 millibus

196 1054 410 1108 etotoexercitu
421 1053 552 1124 permixtis
563 1054 645 1124 magis
658 1070 732 1123 quam
744 1053 838 1109 electis.
1007 1098 1009 1103 .

234 1129 406 1185 condonante
436 1130 546 1195 Vitellio,
582 1129 745 1200 postulantur
773 1130 805 1185 ad
834 1130 1008 1202 supplioinma

196 1206 328 1261 Ashtiom
339 1210 366 1261 et
377 1206 478 1261 Flavius
490 1211 518 1261 et
528 1206 645 1272 Rufinus,
664 1205 741 1261 duces
756 1207 897 1273 Galliarum,
917 1208 986 1279 quod

197 1302 247 1354 pro
257 1283 366 1339 Vindice
376 1283 521 1339 belldsscnt.
557 1284 614 1339 Nec
626 1283 757 1339 coercebat
773 1284 897 1355 ejusmodi
910 1302 983 1341 voces

197 1359 337 1415 Vitellius:
373 1377 448 1431 super
469 1360 572 1415 insitam
594 1362 717 1416 marcenti
745 1360 827 1415 annno
850 1360 983 1433 ignaviam,
1008 1393 1010 1401 ι

199 1436 318 1491 conscios
337 1436 385 1491 sibi
401 1438 497 1492 instare
514 1436 667 1502 donatiuum,
689 1441 716 1492 et
736 1436 823 1493 deesse
844 1438 983 1509 pmuniam,

200 1512 287 1566 onmia
303 1512 352 1567 alia
363 1513 437 1568 militi
453 1513 615 1585 largiebatur.
650 1514 750 1569 Liberti
766 1514 907 1585 principum
926 1530 1008 1577 con-4

199 1588 269 1643 ferre
296 1607 469 1660 proauumero
491 1590 681 1661 mancipiorum,
704 1594 734 1646 ut
756 1590 890 1655 tributum,
910 1592 983 1663 jussi.

199 1665 274 1735 Ipse,
298 1666 352 1721 sola
372 1666 493 1737 perdendi
515 1684 583 1734 cura,
606 1666 706 1722 stabula
728 1668 822 1739 aurigis
845 1671 983 1734 exstruere,

198 1742 303 1797 circum·
318 1743 485 1814 gladiatorum
513 1744 673 1815 ferarumque
696 1746 845 1817 spectaculis
874 1746 983 1817 opplere,

197 1823 321 1889 tanquam
354 1821 383 1875 in
416 1839 513 1876 sumam
547 1821 700 1877 abundmrtia
733 1824 845 1894 pecnnia
873 1823 985 1878 illudere.

199 1897 274 1956 Quin
288 1901 316 1952 et
329 1898 440 1953 natalem
456 1899 555 1954 Vitellii
566 1899 632 1955 diem
643 1900 744 1955 Caecina
755 1920 784 1957 ao
795 1901 897 1968 Valens,
910 1900 984 1955 editis
994 1909 1031 1963 95

198 1978 260 2028 tota·
279 1974 343 2029 urbe
363 1975 466 2029 marafim
489 1976 676 2048 gladiatoribus,
701 1978 864 2041 celebravere,
887 1977 986 2049 ingenti

200 2054 294 2121 paratu
310 2055 338 2105 et
354 2056 414 2107 ante
430 2052 501 2107 illum
513 2054 579 2108 diem
590 2054 700 2109 insolito.
735 2056 836 2111 Laetam
847 2054 1009 2110 faedissimot

202 2128 302 2198 cuique,
324 2129 393 2200 apud
414 2130 494 2185 bonos
517 2130 618 2187 invidie
640 2132 699 2201 fuit,
718 2132 786 2204 quod
803 2131 940 2187 exstnrctis
958 2131 984 2185 in

200 2223 292 2275 eampo
313 2206 409 2261 Martio
431 2208 482 2262 aris
510 2208 612 2263 inferias
641 2210 737 2265 Neroni
761 2209 870 2263 fecisset.
907 2208 1011 2273 Caesaess'

200 2281 303 2353 publice
319 2284 428 2339 victima
441 2289 622 2356 crematoque3
640 2286 721 2341 lacem
732 2284 887 2356 Augustales
899 2284 986 2339 subdi·

199 2359 279 2414 dere:
303 2360 370 2430 quod
387 2362 563 2427 sacerdotium,
580 2366 611 2417 nt
628 2362 753 2417 Romulus
773 2362 847 2417 Tatio
867 2362 929 2433 regi,
947 2363 986 2416 ita

199 2437 288 2491 Oaesar
299 2436 414 2492 liberius
425 2438 500 2493 Juliae
512 2439 583 2509 genti
595 2440 710 2494 sacravit.
746 2438 868 2494 Nondum
880 2442 1012 2511 quartast

200 2532 217 2567 a
232 2514 340 2568 victoria
354 2515 456 2581 mensis,
474 2519 502 2570 et
516 2516 622 2571 libertus
635 2516 741 2582 Vitellii,
760 2516 895 2583 Asiaticus,
912 2516 986 2588 Poly·

201 2590 284 2655 clitus,
302 2591 443 2657 Patrobios,
461 2596 488 2647 et
508 2597 595 2648 vetera
612 2594 727 2648 odiorum
743 2594 844 2649 nomina
861 2594 985 2666 aquabat.

202 2666 320 2722 Nemoin
329 2668 443 2723 illa'aula
450 2668 577 2740 probitate
586 2674 630 2725 aut
637 2670 762 2726 industria
773 2672 894 2738 certavit3
906 2689 986 2725 unum

201 2741 236 2797 ad
246 2745 385 2813 potentiam
399 2745 457 2810 iter,
473 2746 585 2817 prodigis
600 2747 681 2817 epulis
693 2751 719 2803 et
735 2752 839 2819 sumptu
856 2764 985 2819 ganeaque

201 2819 296 2875 satiare
317 2821 481 2893 inexplebiles
504 2823 603 2878 Vitellii
625 2824 749 2881 libidines.
802 2826 862 2896 Ipse
886 2822 1008 2883 abundet

199 2908 274 2952 ratus
291 2898 316 2953 si
328 2899 496 2970 presentibus
512 2900 647 2966 frueretur,
666 2920 713 2957 nec
729 2903 757 2956 in
773 2901 873 2971 longius
887 2898 985 2953 cousul-

199 2979 268 3041 tnns,
291 2976 384 3033 novies
401 2976 492 3032 millies
514 2978 660 3033 sestertium
680 2978 836 3051 paucissimis
856 2974 984 3029 mensibus
1040 3008 1042 3015 ‹
