<?xml version="1.0" encoding="UTF-8"?>
<!DOCTYPE html PUBLIC "-//W3C//DTD XHTML 1.0 Transitional//EN"
    "http://www.w3.org/TR/xhtml1/DTD/xhtml1-transitional.dtd">
<html xmlns="http://www.w3.org/1999/xhtml" xml:lang="en" lang="en">
 <head>
  <title>
</title>
<meta http-equiv="Content-Type" content="text/html;charset=utf-8" />
  <meta name='ocr-system' content='tesseract 3.04.00' />
  <meta name='ocr-capabilities' content='ocr_page ocr_carea ocr_par ocr_line ocrx_word'/>
</head>
<body>
  <div class='ocr_page' id='page_1' title='image "./operaomniaadfid00tacigoog_0127.png"; bbox 0 0 2575 3592; ppageno 0'>
   <div class='ocr_carea' id='block_1_1' title="bbox 190 416 981 527">
    <p class='ocr_par' dir='ltr' id='par_1_1' title="bbox 190 416 981 527">
     <span class='ocr_line' id='line_1_1' title="bbox 190 416 981 527; baseline 0.005 -64"><span class='ocrx_word' id='word_1_1' title='bbox 190 481 209 517; x_wconf 55' lang='lat' dir='ltr'>A</span> <span class='ocrx_word' id='word_1_2' title='bbox 226 478 248 517; x_wconf 66' lang='lat' dir='ltr'>D</span> <span class='ocrx_word' id='word_1_3' title='bbox 265 478 308 527; x_wconf 73' lang='lat'>⁶⁹]</span> <span class='ocrx_word' id='word_1_4' title='bbox 363 416 614 464; x_wconf 72' lang='lat' dir='ltr'>Hlsromnrtum</span> <span class='ocrx_word' id='word_1_5' title='bbox 634 416 685 464; x_wconf 91' lang='lat'>111.</span> <span class='ocrx_word' id='word_1_6' title='bbox 704 419 807 464; x_wconf 76' lang='lat'>22-25.</span> <span class='ocrx_word' id='word_1_7' title='bbox 937 420 981 467; x_wconf 81' lang='lat'>121</span> 
     </span>
    </p>
   </div>
   <div class='ocr_carea' id='block_1_2' title="bbox 185 527 1028 2685">
    <p class='ocr_par' dir='ltr' id='par_1_2' title="bbox 185 527 1028 2685">
     <span class='ocr_line' id='line_1_2' title="bbox 186 527 983 601; baseline 0.003 -18"><span class='ocrx_word' id='word_1_8' title='bbox 186 533 284 583; x_wconf 86' lang='lat' dir='ltr'>eorum&#39;</span> <span class='ocrx_word' id='word_1_9' title='bbox 300 529 438 597; x_wconf 83' lang='lat' dir='ltr'>oculosque</span> <span class='ocrx_word' id='word_1_10' title='bbox 460 546 512 581; x_wconf 90' lang='lat' dir='ltr'>non</span> <span class='ocrx_word' id='word_1_11' title='bbox 539 527 673 581; x_wconf 62' lang='lat' dir='ltr'>tolerent?</span> <span class='ocrx_word' id='word_1_12' title='bbox 717 527 789 593; x_wconf 75' lang='lat' dir='ltr'>Haeo,</span> <span class='ocrx_word' id='word_1_13' title='bbox 814 532 844 583; x_wconf 91' lang='lat' dir='ltr'>ut</span> <span class='ocrx_word' id='word_1_14' title='bbox 868 546 983 601; x_wconf 87' lang='lat' dir='ltr'>quosque</span> 
     </span>
     <span class='ocr_line' id='line_1_3' title="bbox 190 604 983 677; baseline 0.004 -18"><span class='ocrx_word' id='word_1_15' title='bbox 190 610 344 671; x_wconf 82' lang='lat' dir='ltr'>aoeesserat3</span> <span class='ocrx_word' id='word_1_16' title='bbox 363 605 436 675; x_wconf 88' lang='lat' dir='ltr'>plura</span> <span class='ocrx_word' id='word_1_17' title='bbox 456 604 488 659; x_wconf 89' lang='lat' dir='ltr'>ad</span> <span class='ocrx_word' id='word_1_18' title='bbox 504 605 635 669; x_wconf 87' lang='lat' dir='ltr'>tertianus,</span> <span class='ocrx_word' id='word_1_19' title='bbox 656 608 770 659; x_wconf 88' lang='lat' dir='ltr'>veterum</span> <span class='ocrx_word' id='word_1_20' title='bbox 792 606 983 677; x_wconf 78' lang='lat' dir='ltr'>recentiumque</span> 
     </span>
     <span class='ocr_line' id='line_1_4' title="bbox 189 682 983 747; baseline 0.004 -11"><span class='ocrx_word' id='word_1_21' title='bbox 189 682 334 747; x_wconf 78' lang='lat' dir='ltr'>aimonem,</span> <span class='ocrx_word' id='word_1_22' title='bbox 358 687 389 737; x_wconf 87' lang='lat' dir='ltr'>ut</span> <span class='ocrx_word' id='word_1_23' title='bbox 409 682 458 737; x_wconf 87' lang='lat' dir='ltr'>sub</span> <span class='ocrx_word' id='word_1_24' title='bbox 482 682 520 737; x_wconf 88' lang='grc' dir='ltr'>Μ.</span> <span class='ocrx_word' id='word_1_25' title='bbox 534 682 646 735; x_wconf 83' lang='lat' dir='ltr'>Antonio</span> <span class='ocrx_word' id='word_1_26' title='bbox 670 682 787 747; x_wconf 88' lang='lat' dir='ltr'>Parthos,</span> <span class='ocrx_word' id='word_1_27' title='bbox 812 683 861 738; x_wconf 88' lang='lat' dir='ltr'>sub</span> <span class='ocrx_word' id='word_1_28' title='bbox 885 684 983 739; x_wconf 85' lang='lat' dir='ltr'>Corbu-</span> 
     </span>
     <span class='ocr_line' id='line_1_5' title="bbox 188 759 1005 831; baseline 0.004 -18"><span class='ocrx_word' id='word_1_29' title='bbox 188 759 246 814; x_wconf 84' lang='lat' dir='ltr'>lone</span> <span class='ocrx_word' id='word_1_30' title='bbox 269 760 410 824; x_wconf 76' lang='lat' dir='ltr'>Armenios,</span> <span class='ocrx_word' id='word_1_31' title='bbox 435 778 517 831; x_wconf 89' lang='lat' dir='ltr'>nuper</span> <span class='ocrx_word' id='word_1_32' title='bbox 546 760 674 813; x_wconf 84' lang='lat' dir='ltr'>Sarmatas</span> <span class='ocrx_word' id='word_1_33' title='bbox 704 759 867 830; x_wconf 83' lang='lat' dir='ltr'><strong>pepulissent.</strong></span> <span class='ocrx_word' id='word_1_34' title='bbox 918 761 1005 817; x_wconf 74' lang='lat' dir='ltr'>Mora</span> 
     </span>
     <span class='ocr_line' id='line_1_6' title="bbox 186 836 982 907; baseline 0.003 -16"><span class='ocrx_word' id='word_1_35' title='bbox 186 836 313 892; x_wconf 59' lang='lat' dir='ltr'>iriensius</span> <span class='ocrx_word' id='word_1_36' title='bbox 336 837 502 907; x_wconf 84' lang='lat' dir='ltr'>praetorianis,</span> <span class='ocrx_word' id='word_1_37' title='bbox 525 841 542 865; x_wconf 84' lang='lat'>‘⁴</span> <span class='ocrx_word' id='word_1_38' title='bbox 557 836 633 898; x_wconf 87' lang='lat' dir='ltr'>Vos‚&#39;&#39;</span> <span class='ocrx_word' id='word_1_39' title='bbox 658 836 749 907; x_wconf 88' lang='lat' dir='ltr'>inquit,</span> <span class='ocrx_word' id='word_1_40' title='bbox 772 838 850 891; x_wconf 87' lang='lat' dir='ltr'>“uisi</span> <span class='ocrx_word' id='word_1_41' title='bbox 872 838 982 903; x_wconf 82' lang='lat' dir='ltr'>vincitis,</span> 
     </span>
     <span class='ocr_line' id='line_1_7' title="bbox 185 913 982 987; baseline 0.005 -19"><span class='ocrx_word' id='word_1_42' title='bbox 185 914 288 985; x_wconf 81' lang='lat' dir='ltr'>pagani,</span> <span class='ocrx_word' id='word_1_43' title='bbox 302 914 358 985; x_wconf 90' lang='lat' dir='ltr'>qnis</span> <span class='ocrx_word' id='word_1_44' title='bbox 370 914 435 969; x_wconf 86' lang='lat' dir='ltr'>alius</span> <span class='ocrx_word' id='word_1_45' title='bbox 446 914 590 984; x_wconf 85' lang='lat' dir='ltr'>imperator,</span> <span class='ocrx_word' id='word_1_46' title='bbox 604 932 661 984; x_wconf 81' lang='lat' dir='ltr'>que</span> <span class='ocrx_word' id='word_1_47' title='bbox 673 918 757 968; x_wconf 84' lang='lat' dir='ltr'>castra</span> <span class='ocrx_word' id='word_1_48' title='bbox 768 913 817 968; x_wconf 83' lang='lat' dir='ltr'>alia</span> <span class='ocrx_word' id='word_1_49' title='bbox 834 914 982 987; x_wconf 79' lang='lat' dir='ltr'>excipient?</span> 
     </span>
     <span class='ocr_line' id='line_1_8' title="bbox 187 991 983 1062; baseline 0.004 -17"><span class='ocrx_word' id='word_1_50' title='bbox 187 991 247 1045; x_wconf 87' lang='lat' dir='ltr'>Illic</span> <span class='ocrx_word' id='word_1_51' title='bbox 266 992 340 1062; x_wconf 85' lang='lat' dir='ltr'>signa</span> <span class='ocrx_word' id='word_1_52' title='bbox 353 1009 473 1062; x_wconf 86' lang='lat' dir='ltr'>armaque</span> <span class='ocrx_word' id='word_1_53' title='bbox 490 995 576 1045; x_wconf 78' lang='lat' dir='ltr'>vestra</span> <span class='ocrx_word' id='word_1_54' title='bbox 594 996 663 1055; x_wconf 86' lang='lat' dir='ltr'>suut,</span> <span class='ocrx_word' id='word_1_55' title='bbox 682 996 708 1045; x_wconf 94' lang='lat' dir='ltr'>et</span> <span class='ocrx_word' id='word_1_56' title='bbox 727 1008 795 1045; x_wconf 85' lang='lat' dir='ltr'>mors</span> <span class='ocrx_word' id='word_1_57' title='bbox 814 992 905 1047; x_wconf 82' lang='lat' dir='ltr'>victis:</span> <span class='ocrx_word' id='word_1_58' title='bbox 924 1010 983 1047; x_wconf 87' lang='lat' dir='ltr'>nuru</span> 
     </span>
     <span class='ocr_line' id='line_1_9' title="bbox 185 1066 1006 1139; baseline 0.001 -17"><span class='ocrx_word' id='word_1_59' title='bbox 185 1068 351 1139; x_wconf 73' lang='lat' dir='ltr'>ignominiam</span> <span class='ocrx_word' id='word_1_60' title='bbox 364 1066 584 1139; x_wconf 86' lang='lat' dir='ltr'>consumpsistis.&#39;&#39;</span> <span class='ocrx_word' id='word_1_61' title='bbox 623 1066 742 1137; x_wconf 87' lang='lat' dir='ltr'>Undique</span> <span class='ocrx_word' id='word_1_62' title='bbox 759 1067 872 1134; x_wconf 83' lang='lat' dir='ltr'>olam0r;</span> <span class='ocrx_word' id='word_1_63' title='bbox 890 1079 916 1124; x_wconf 89' lang='lat' dir='ltr'>et</span> <span class='ocrx_word' id='word_1_64' title='bbox 933 1070 1006 1125; x_wconf 81' lang='lat' dir='ltr'>ori·4</span> 
     </span>
     <span class='ocr_line' id='line_1_10' title="bbox 185 1144 982 1216; baseline 0.001 -16"><span class='ocrx_word' id='word_1_65' title='bbox 185 1151 275 1200; x_wconf 84' lang='lat' dir='ltr'>entem</span> <span class='ocrx_word' id='word_1_66' title='bbox 290 1146 367 1200; x_wconf 84' lang='lat' dir='ltr'>solem</span> <span class='ocrx_word' id='word_1_67' title='bbox 381 1146 430 1214; x_wconf 91' lang='lat' dir='ltr'>(ita</span> <span class='ocrx_word' id='word_1_68' title='bbox 444 1145 473 1199; x_wconf 89' lang='lat' dir='ltr'>in</span> <span class='ocrx_word' id='word_1_69' title='bbox 485 1145 558 1216; x_wconf 77' lang='lat' dir='ltr'>Syria</span> <span class='ocrx_word' id='word_1_70' title='bbox 573 1162 627 1198; x_wconf 84' lang='lat' dir='ltr'>mos</span> <span class='ocrx_word' id='word_1_71' title='bbox 640 1145 703 1212; x_wconf 84' lang='lat' dir='ltr'>est‚)</span> <span class='ocrx_word' id='word_1_72' title='bbox 716 1144 820 1201; x_wconf 80' lang='lat' dir='ltr'>tertiani</span> <span class='ocrx_word' id='word_1_73' title='bbox 835 1146 982 1203; x_wconf 71' lang='lat' dir='ltr'>salutavere.</span> 
     </span>
     <span class='ocr_line' id='line_1_11' title="bbox 185 1221 1028 1293; baseline 0.005 -18"><span class='ocrx_word' id='word_1_74' title='bbox 185 1223 279 1293; x_wconf 80' lang='lat' dir='ltr'>Vagus</span> <span class='ocrx_word' id='word_1_75' title='bbox 290 1222 358 1289; x_wconf 86' lang='lat' dir='ltr'>inde,</span> <span class='ocrx_word' id='word_1_76' title='bbox 371 1240 404 1276; x_wconf 89' lang='lat' dir='ltr'>au</span> <span class='ocrx_word' id='word_1_77' title='bbox 413 1222 519 1277; x_wconf 86' lang='lat' dir='ltr'>oonsilio</span> <span class='ocrx_word' id='word_1_78' title='bbox 531 1221 602 1276; x_wconf 86' lang='lat' dir='ltr'>ducis</span> <span class='ocrx_word' id='word_1_79' title='bbox 614 1221 733 1276; x_wconf 88' lang='lat' dir='ltr'>subditus</span> <span class='ocrx_word' id='word_1_80' title='bbox 744 1240 838 1287; x_wconf 89' lang='lat' dir='ltr'>rumor,</span> <span class='ocrx_word' id='word_1_81' title='bbox 852 1222 983 1279; x_wconf 85' lang='lat' dir='ltr'>advenisse</span> <span class='ocrx_word' id='word_1_82' title='bbox 991 1224 1028 1279; x_wconf 82' lang='lat'>25</span> 
     </span>
     <span class='ocr_line' id='line_1_12' title="bbox 185 1297 984 1364; baseline 0.003 -11"><span class='ocrx_word' id='word_1_83' title='bbox 185 1299 347 1364; x_wconf 83' lang='lat' dir='ltr'>Mucianum,</span> <span class='ocrx_word' id='word_1_84' title='bbox 360 1300 487 1354; x_wconf 86' lang='lat' dir='ltr'>exercitus</span> <span class='ocrx_word' id='word_1_85' title='bbox 507 1299 535 1353; x_wconf 91' lang='lat' dir='ltr'>in</span> <span class='ocrx_word' id='word_1_86' title='bbox 552 1299 633 1353; x_wconf 78' lang='lat' dir='ltr'>ricem</span> <span class='ocrx_word' id='word_1_87' title='bbox 650 1297 782 1355; x_wconf 68' lang='lat' dir='ltr'>salutasse.</span> <span class='ocrx_word' id='word_1_88' title='bbox 820 1300 932 1355; x_wconf 81' lang='lat' dir='ltr'>Gredum</span> <span class='ocrx_word' id='word_1_89' title='bbox 945 1301 984 1356; x_wconf 89' lang='lat' dir='ltr'>iu-</span> 
     </span>
     <span class='ocr_line' id='line_1_13' title="bbox 187 1375 984 1448; baseline 0.005 -20"><span class='ocrx_word' id='word_1_90' title='bbox 187 1376 278 1429; x_wconf 84' lang='lat' dir='ltr'>lernnt</span> <span class='ocrx_word' id='word_1_91' title='bbox 296 1376 369 1446; x_wconf 88' lang='lat' dir='ltr'>qnasi</span> <span class='ocrx_word' id='word_1_92' title='bbox 385 1376 531 1431; x_wconf 87' lang='lat' dir='ltr'>recentibus</span> <span class='ocrx_word' id='word_1_93' title='bbox 548 1375 650 1430; x_wconf 78' lang='lat' dir='ltr'>auxiliis</span> <span class='ocrx_word' id='word_1_94' title='bbox 667 1376 743 1442; x_wconf 87' lang='lat' dir='ltr'>aucti,</span> <span class='ocrx_word' id='word_1_95' title='bbox 761 1376 855 1431; x_wconf 84' lang='lat' dir='ltr'>rariore</span> <span class='ocrx_word' id='word_1_96' title='bbox 870 1378 923 1448; x_wconf 87' lang='lat' dir='ltr'>jam</span> <span class='ocrx_word' id='word_1_97' title='bbox 936 1378 984 1433; x_wconf 87' lang='lat' dir='ltr'>Vi·</span> 
     </span>
     <span class='ocr_line' id='line_1_14' title="bbox 187 1452 984 1525; baseline 0.004 -20"><span class='ocrx_word' id='word_1_98' title='bbox 187 1452 351 1507; x_wconf 87' lang='lat' dir='ltr'>tellianornm</span> <span class='ocrx_word' id='word_1_99' title='bbox 368 1454 430 1518; x_wconf 81' lang='lat' dir='ltr'>acie,</span> <span class='ocrx_word' id='word_1_100' title='bbox 446 1458 476 1508; x_wconf 93' lang='lat' dir='ltr'>ut</span> <span class='ocrx_word' id='word_1_101' title='bbox 492 1470 556 1524; x_wconf 92' lang='lat' dir='ltr'>quos</span> <span class='ocrx_word' id='word_1_102' title='bbox 572 1452 642 1507; x_wconf 90' lang='lat' dir='ltr'>nullo</span> <span class='ocrx_word' id='word_1_103' title='bbox 661 1456 760 1508; x_wconf 86' lang='lat' dir='ltr'>rectore</span> <span class='ocrx_word' id='word_1_104' title='bbox 777 1471 840 1508; x_wconf 87' lang='lat' dir='ltr'>snus</span> <span class='ocrx_word' id='word_1_105' title='bbox 858 1472 984 1525; x_wconf 87' lang='lat' dir='ltr'>quemque</span> 
     </span>
     <span class='ocr_line' id='line_1_15' title="bbox 188 1529 1006 1602; baseline 0.001 -18"><span class='ocrx_word' id='word_1_106' title='bbox 188 1531 303 1599; x_wconf 82' lang='lat' dir='ltr'>impetos</span> <span class='ocrx_word' id='word_1_107' title='bbox 313 1529 354 1584; x_wconf 81' lang='lat' dir='ltr'>vel</span> <span class='ocrx_word' id='word_1_108' title='bbox 365 1548 444 1601; x_wconf 86' lang='lat' dir='ltr'>pavor</span> <span class='ocrx_word' id='word_1_109' title='bbox 456 1530 618 1585; x_wconf 86' lang='lat' dir='ltr'>contraheret</span> <span class='ocrx_word' id='word_1_110' title='bbox 635 1529 805 1587; x_wconf 88' lang='lat' dir='ltr'>diduceretve.</span> <span class='ocrx_word' id='word_1_111' title='bbox 842 1531 1006 1602; x_wconf 85' lang='lat' dir='ltr'>Postquam2</span> 
     </span>
     <span class='ocr_line' id='line_1_16' title="bbox 188 1603 982 1678; baseline 0.005 -18"><span class='ocrx_word' id='word_1_112' title='bbox 188 1606 280 1677; x_wconf 88' lang='lat' dir='ltr'>pulsos</span> <span class='ocrx_word' id='word_1_113' title='bbox 309 1608 388 1663; x_wconf 89' lang='lat' dir='ltr'>sensit</span> <span class='ocrx_word' id='word_1_114' title='bbox 417 1608 552 1672; x_wconf 84' lang='lat' dir='ltr'>Antonius,</span> <span class='ocrx_word' id='word_1_115' title='bbox 582 1607 661 1661; x_wconf 85' lang='lat' dir='ltr'>denso</span> <span class='ocrx_word' id='word_1_116' title='bbox 691 1608 791 1678; x_wconf 83' lang='lat' dir='ltr'>agmine</span> <span class='ocrx_word' id='word_1_117' title='bbox 820 1603 982 1664; x_wconf 75' lang='lat' dir='ltr'>obturbabat.</span> 
     </span>
     <span class='ocr_line' id='line_1_17' title="bbox 187 1684 981 1757; baseline 0.003 -18"><span class='ocrx_word' id='word_1_118' title='bbox 187 1684 284 1739; x_wconf 88' lang='lat' dir='ltr'>Laxati</span> <span class='ocrx_word' id='word_1_119' title='bbox 311 1684 413 1740; x_wconf 79' lang='lat' dir='ltr'>ordines</span> <span class='ocrx_word' id='word_1_120' title='bbox 439 1684 640 1756; x_wconf 81' lang='lat' dir='ltr'>abrumpuntur3</span> <span class='ocrx_word' id='word_1_121' title='bbox 671 1702 717 1739; x_wconf 89' lang='lat' dir='ltr'>neo</span> <span class='ocrx_word' id='word_1_122' title='bbox 746 1686 850 1741; x_wconf 89' lang='lat' dir='ltr'>restitui</span> <span class='ocrx_word' id='word_1_123' title='bbox 878 1687 981 1757; x_wconf 80' lang='lat' dir='ltr'>quivere</span> 
     </span>
     <span class='ocr_line' id='line_1_18' title="bbox 187 1761 981 1833; baseline 0.003 -16"><span class='ocrx_word' id='word_1_124' title='bbox 187 1761 387 1832; x_wconf 86' lang='lat' dir='ltr'>impedientibus</span> <span class='ocrx_word' id='word_1_125' title='bbox 409 1762 532 1817; x_wconf 73' lang='lat' dir='ltr'>vehiculis</span> <span class='ocrx_word' id='word_1_126' title='bbox 560 1762 752 1833; x_wconf 83' lang='lat' dir='ltr'>tormentisque.</span> <span class='ocrx_word' id='word_1_127' title='bbox 802 1764 853 1818; x_wconf 87' lang='lat' dir='ltr'>Per</span> <span class='ocrx_word' id='word_1_128' title='bbox 875 1764 981 1819; x_wconf 86' lang='lat' dir='ltr'>limitem</span> 
     </span>
     <span class='ocr_line' id='line_1_19' title="bbox 187 1840 1005 1911; baseline 0.006 -17"><span class='ocrx_word' id='word_1_129' title='bbox 187 1840 237 1895; x_wconf 80' lang='lat' dir='ltr'>viae</span> <span class='ocrx_word' id='word_1_130' title='bbox 256 1844 413 1911; x_wconf 75' lang='lat' dir='ltr'>spargantur</span> <span class='ocrx_word' id='word_1_131' title='bbox 431 1840 593 1894; x_wconf 79' lang='lat' dir='ltr'>festinatione</span> <span class='ocrx_word' id='word_1_132' title='bbox 609 1840 771 1895; x_wconf 84' lang='lat' dir='ltr'>consectandi</span> <span class='ocrx_word' id='word_1_133' title='bbox 789 1840 906 1897; x_wconf 80' lang='lat' dir='ltr'>victores.</span> <span class='ocrx_word' id='word_1_134' title='bbox 943 1842 1005 1900; x_wconf 81' lang='lat' dir='ltr'>an</span> 
     </span>
     <span class='ocr_line' id='line_1_20' title="bbox 188 1917 983 1989; baseline 0.004 -18"><span class='ocrx_word' id='word_1_135' title='bbox 188 1917 326 1971; x_wconf 78' lang='lat' dir='ltr'>notabilior</span> <span class='ocrx_word' id='word_1_136' title='bbox 349 1917 430 1973; x_wconf 74' lang='lat' dir='ltr'>codes</span> <span class='ocrx_word' id='word_1_137' title='bbox 459 1918 516 1982; x_wconf 82' lang='lat' dir='ltr'>fuit,</span> <span class='ocrx_word' id='word_1_138' title='bbox 541 1917 602 1989; x_wconf 85' lang='lat' dir='ltr'>quia</span> <span class='ocrx_word' id='word_1_139' title='bbox 623 1917 691 1972; x_wconf 82' lang='lat' dir='ltr'>lilius</span> <span class='ocrx_word' id='word_1_140' title='bbox 719 1926 818 1989; x_wconf 84' lang='lat' dir='ltr'>patrem</span> <span class='ocrx_word' id='word_1_141' title='bbox 845 1920 983 1974; x_wconf 84' lang='lat' dir='ltr'>interfecit.</span> 
     </span>
     <span class='ocr_line' id='line_1_21' title="bbox 188 1994 983 2066; baseline 0.001 -17"><span class='ocrx_word' id='word_1_142' title='bbox 188 1996 256 2049; x_wconf 81' lang='lat' dir='ltr'>Rem</span> <span class='ocrx_word' id='word_1_143' title='bbox 280 1995 439 2066; x_wconf 83' lang='lat' dir='ltr'>nomineque,</span> <span class='ocrx_word' id='word_1_144' title='bbox 462 2000 565 2049; x_wconf 86' lang='lat' dir='ltr'>auctore</span> <span class='ocrx_word' id='word_1_145' title='bbox 590 1995 716 2065; x_wconf 78' lang='lat' dir='ltr'>Vipstano</span> <span class='ocrx_word' id='word_1_146' title='bbox 737 1994 856 2061; x_wconf 78' lang='lat' dir='ltr'>Messala,</span> <span class='ocrx_word' id='word_1_147' title='bbox 876 1996 983 2051; x_wconf 87' lang='lat' dir='ltr'>tradam.</span> 
     </span>
     <span class='ocr_line' id='line_1_22' title="bbox 189 2070 983 2147; baseline 0.004 -22"><span class='ocrx_word' id='word_1_148' title='bbox 189 2072 277 2126; x_wconf 77' lang='lat' dir='ltr'>Julius</span> <span class='ocrx_word' id='word_1_149' title='bbox 288 2072 441 2127; x_wconf 76' lang='lat' dir='ltr'>Mansuetm</span> <span class='ocrx_word' id='word_1_150' title='bbox 459 2090 491 2127; x_wconf 90' lang='lat' dir='ltr'>ex</span> <span class='ocrx_word' id='word_1_151' title='bbox 503 2070 635 2143; x_wconf 84' lang='lat' dir='ltr'>Hispania,</span> <span class='ocrx_word' id='word_1_152' title='bbox 649 2070 746 2147; x_wconf 83' lang='lat' dir='ltr'>Rapaci</span> <span class='ocrx_word' id='word_1_153' title='bbox 764 2073 856 2144; x_wconf 87' lang='lat' dir='ltr'>legioni</span> <span class='ocrx_word' id='word_1_154' title='bbox 874 2072 983 2139; x_wconf 81' lang='lat' dir='ltr'>additus,</span> 
     </span>
     <span class='ocr_line' id='line_1_23' title="bbox 191 2149 1006 2220; baseline -0.001 -16"><span class='ocrx_word' id='word_1_155' title='bbox 191 2149 320 2220; x_wconf 87' lang='lat' dir='ltr'>impubem</span> <span class='ocrx_word' id='word_1_156' title='bbox 337 2150 416 2205; x_wconf 86' lang='lat' dir='ltr'>filium</span> <span class='ocrx_word' id='word_1_157' title='bbox 435 2149 504 2204; x_wconf 85' lang='lat' dir='ltr'>domi</span> <span class='ocrx_word' id='word_1_158' title='bbox 521 2149 637 2220; x_wconf 83' lang='lat' dir='ltr'>liquerat.</span> <span class='ocrx_word' id='word_1_159' title='bbox 674 2150 702 2203; x_wconf 88' lang='lat' dir='ltr'>ls</span> <span class='ocrx_word' id='word_1_160' title='bbox 720 2168 779 2204; x_wconf 87' lang='lat' dir='ltr'>mox</span> <span class='ocrx_word' id='word_1_161' title='bbox 794 2150 903 2214; x_wconf 85' lang='lat' dir='ltr'>adultus,</span> <span class='ocrx_word' id='word_1_162' title='bbox 916 2150 1006 2205; x_wconf 71' lang='lat' dir='ltr'>interl</span> 
     </span>
     <span class='ocr_line' id='line_1_24' title="bbox 189 2226 984 2298; baseline 0 -16"><span class='ocrx_word' id='word_1_163' title='bbox 189 2227 374 2298; x_wconf 89' lang='lat' dir='ltr'>septimanosa</span> <span class='ocrx_word' id='word_1_164' title='bbox 389 2227 471 2283; x_wconf 86' lang='lat' dir='ltr'>Galba</span> <span class='ocrx_word' id='word_1_165' title='bbox 488 2227 656 2297; x_wconf 84' lang='lat' dir='ltr'>conscriptus,</span> <span class='ocrx_word' id='word_1_166' title='bbox 674 2226 787 2281; x_wconf 81' lang='lat' dir='ltr'>oblatum</span> <span class='ocrx_word' id='word_1_167' title='bbox 805 2228 871 2281; x_wconf 82' lang='lat' dir='ltr'>sorte</span> <span class='ocrx_word' id='word_1_168' title='bbox 886 2231 984 2298; x_wconf 87' lang='lat' dir='ltr'>patrem</span> 
     </span>
     <span class='ocr_line' id='line_1_25' title="bbox 189 2303 985 2377; baseline 0.001 -19"><span class='ocrx_word' id='word_1_169' title='bbox 189 2310 218 2359; x_wconf 92' lang='lat' dir='ltr'>et</span> <span class='ocrx_word' id='word_1_170' title='bbox 235 2303 341 2359; x_wconf 84' lang='lat' dir='ltr'>vulnere</span> <span class='ocrx_word' id='word_1_171' title='bbox 356 2309 464 2361; x_wconf 83' lang='lat' dir='ltr'>stratum</span> <span class='ocrx_word' id='word_1_172' title='bbox 484 2304 546 2359; x_wconf 90' lang='lat' dir='ltr'>dum</span> <span class='ocrx_word' id='word_1_173' title='bbox 567 2304 738 2358; x_wconf 83' lang='lat' dir='ltr'>semianimem</span> <span class='ocrx_word' id='word_1_174' title='bbox 759 2309 895 2370; x_wconf 85' lang='lat' dir='ltr'>scrutatur,</span> <span class='ocrx_word' id='word_1_175' title='bbox 913 2306 985 2377; x_wconf 82' lang='lat' dir='ltr'>agni·</span> 
     </span>
     <span class='ocr_line' id='line_1_26' title="bbox 189 2380 984 2453; baseline 0.004 -17"><span class='ocrx_word' id='word_1_176' title='bbox 189 2388 235 2436; x_wconf 85' lang='lat' dir='ltr'>tus</span> <span class='ocrx_word' id='word_1_177' title='bbox 251 2399 442 2453; x_wconf 79' lang='lat' dir='ltr'>agnoscensque</span> <span class='ocrx_word' id='word_1_178' title='bbox 460 2388 488 2437; x_wconf 89' lang='lat' dir='ltr'>et</span> <span class='ocrx_word' id='word_1_179' title='bbox 502 2398 659 2451; x_wconf 73' lang='lat' dir='ltr'>exsanguem</span> <span class='ocrx_word' id='word_1_180' title='bbox 678 2380 816 2451; x_wconf 85' lang='lat' dir='ltr'>amplexus,</span> <span class='ocrx_word' id='word_1_181' title='bbox 830 2398 891 2437; x_wconf 84' lang='lat' dir='ltr'>voco</span> <span class='ocrx_word' id='word_1_182' title='bbox 907 2383 984 2439; x_wconf 82' lang='lat' dir='ltr'>flebili</span> 
     </span>
     <span class='ocr_line' id='line_1_27' title="bbox 190 2459 983 2530; baseline 0.003 -16"><span class='ocrx_word' id='word_1_183' title='bbox 190 2459 344 2530; x_wconf 85' lang='lat' dir='ltr'>precabatur</span> <span class='ocrx_word' id='word_1_184' title='bbox 361 2461 443 2529; x_wconf 88' lang='lat' dir='ltr'>piatos</span> <span class='ocrx_word' id='word_1_185' title='bbox 460 2463 540 2529; x_wconf 85' lang='lat' dir='ltr'>patris</span> <span class='ocrx_word' id='word_1_186' title='bbox 558 2476 653 2520; x_wconf 74' lang='lat' dir='ltr'>manes,</span> <span class='ocrx_word' id='word_1_187' title='bbox 666 2476 729 2513; x_wconf 87' lang='lat' dir='ltr'>neve</span> <span class='ocrx_word' id='word_1_188' title='bbox 746 2476 772 2513; x_wconf 89' lang='lat' dir='ltr'>se</span> <span class='ocrx_word' id='word_1_189' title='bbox 789 2472 819 2513; x_wconf 86' lang='lat' dir='ltr'>ut</span> <span class='ocrx_word' id='word_1_190' title='bbox 835 2460 983 2530; x_wconf 84' lang='lat' dir='ltr'>parricidam</span> 
     </span>
     <span class='ocr_line' id='line_1_28' title="bbox 191 2534 983 2606; baseline 0.005 -16"><span class='ocrx_word' id='word_1_191' title='bbox 191 2541 386 2591; x_wconf 72' lang='lat' dir='ltr'>aversarenturt</span> <span class='ocrx_word' id='word_1_192' title='bbox 405 2536 533 2606; x_wconf 91' lang='lat' dir='ltr'>publicum</span> <span class='ocrx_word' id='word_1_193' title='bbox 552 2536 578 2591; x_wconf 91' lang='lat' dir='ltr'>id</span> <span class='ocrx_word' id='word_1_194' title='bbox 597 2534 696 2594; x_wconf 80' lang='lat' dir='ltr'>lacinus</span> <span class='ocrx_word' id='word_1_195' title='bbox 706 2558 713 2602; x_wconf 93' lang='lat'>;</span> <span class='ocrx_word' id='word_1_196' title='bbox 733 2540 758 2590; x_wconf 82' lang='lat' dir='ltr'>et</span> <span class='ocrx_word' id='word_1_197' title='bbox 779 2554 858 2591; x_wconf 88' lang='lat' dir='ltr'>unum</span> <span class='ocrx_word' id='word_1_198' title='bbox 878 2538 983 2594; x_wconf 88' lang='lat' dir='ltr'>militem</span> 
     </span>
     <span class='ocr_line' id='line_1_29' title="bbox 192 2614 1006 2685; baseline 0.006 -18"><span class='ocrx_word' id='word_1_199' title='bbox 192 2618 297 2682; x_wconf 84' lang='lat' dir='ltr'>quotam</span> <span class='ocrx_word' id='word_1_200' title='bbox 321 2614 433 2668; x_wconf 86' lang='lat' dir='ltr'>civilium</span> <span class='ocrx_word' id='word_1_201' title='bbox 463 2629 589 2668; x_wconf 85' lang='lat' dir='ltr'>armorum</span> <span class='ocrx_word' id='word_1_202' title='bbox 611 2614 733 2685; x_wconf 80' lang='lat' dir='ltr'>partem?</span> <span class='ocrx_word' id='word_1_203' title='bbox 764 2614 845 2669; x_wconf 84' lang='lat' dir='ltr'>Simul</span> <span class='ocrx_word' id='word_1_204' title='bbox 868 2616 1006 2673; x_wconf 64' lang='lat' dir='ltr'>attolleret</span> 
     </span>
    </p>
   </div>
   <div class='ocr_carea' id='block_1_3' title="bbox 190 2690 985 2993">
    <p class='ocr_par' dir='ltr' id='par_1_3' title="bbox 190 2690 985 2993">
     <span class='ocr_line' id='line_1_30' title="bbox 191 2690 984 2763; baseline 0.005 -20"><span class='ocrx_word' id='word_1_205' title='bbox 191 2706 293 2759; x_wconf 86' lang='lat' dir='ltr'>corpus,</span> <span class='ocrx_word' id='word_1_206' title='bbox 305 2691 403 2761; x_wconf 87' lang='lat' dir='ltr'>operire</span> <span class='ocrx_word' id='word_1_207' title='bbox 417 2690 530 2755; x_wconf 88' lang='lat' dir='ltr'>bnmum,</span> <span class='ocrx_word' id='word_1_208' title='bbox 544 2707 661 2761; x_wconf 90' lang='lat' dir='ltr'>supremo</span> <span class='ocrx_word' id='word_1_209' title='bbox 679 2708 740 2761; x_wconf 76' lang='lat' dir='ltr'>erga</span> <span class='ocrx_word' id='word_1_210' title='bbox 757 2696 887 2763; x_wconf 84' lang='lat' dir='ltr'>parentem</span> <span class='ocrx_word' id='word_1_211' title='bbox 903 2692 984 2747; x_wconf 86' lang='lat' dir='ltr'>officio</span> 
     </span>
     <span class='ocr_line' id='line_1_31' title="bbox 190 2766 985 2839; baseline 0.001 -17"><span class='ocrx_word' id='word_1_212' title='bbox 190 2767 276 2837; x_wconf 76' lang='lat' dir='ltr'>iungi.</span> <span class='ocrx_word' id='word_1_213' title='bbox 319 2767 460 2822; x_wconf 80' lang='lat' dir='ltr'>Advertere</span> <span class='ocrx_word' id='word_1_214' title='bbox 484 2768 598 2838; x_wconf 77' lang='lat' dir='ltr'>proximi,</span> <span class='ocrx_word' id='word_1_215' title='bbox 618 2766 710 2821; x_wconf 87' lang='lat' dir='ltr'>deinde</span> <span class='ocrx_word' id='word_1_216' title='bbox 732 2768 835 2838; x_wconf 84' lang='lat' dir='ltr'>plures:</span> <span class='ocrx_word' id='word_1_217' title='bbox 861 2768 919 2823; x_wconf 88' lang='lat' dir='ltr'>binc</span> <span class='ocrx_word' id='word_1_218' title='bbox 939 2786 985 2839; x_wconf 89' lang='lat' dir='ltr'>per</span> 
     </span>
     <span class='ocr_line' id='line_1_32' title="bbox 190 2844 985 2914; baseline 0.001 -15"><span class='ocrx_word' id='word_1_219' title='bbox 190 2860 295 2899; x_wconf 88' lang='lat' dir='ltr'>omnem</span> <span class='ocrx_word' id='word_1_220' title='bbox 310 2845 387 2900; x_wconf 81' lang='lat' dir='ltr'>aciem</span> <span class='ocrx_word' id='word_1_221' title='bbox 404 2844 552 2899; x_wconf 88' lang='lat' dir='ltr'>miraculum</span> <span class='ocrx_word' id='word_1_222' title='bbox 570 2850 597 2898; x_wconf 92' lang='lat' dir='ltr'>et</span> <span class='ocrx_word' id='word_1_223' title='bbox 615 2849 720 2914; x_wconf 85' lang='lat' dir='ltr'>questus</span> <span class='ocrx_word' id='word_1_224' title='bbox 737 2850 764 2899; x_wconf 90' lang='lat' dir='ltr'>et</span> <span class='ocrx_word' id='word_1_225' title='bbox 780 2844 911 2899; x_wconf 77' lang='lat' dir='ltr'>serissimi</span> <span class='ocrx_word' id='word_1_226' title='bbox 925 2844 985 2900; x_wconf 90' lang='lat' dir='ltr'>belli</span> 
     </span>
     <span class='ocr_line' id='line_1_33' title="bbox 190 2920 984 2993; baseline -0.001 -15"><span class='ocrx_word' id='word_1_227' title='bbox 190 2921 342 2978; x_wconf 79' lang='lat' dir='ltr'>exsecratio.</span> <span class='ocrx_word' id='word_1_228' title='bbox 377 2921 434 2978; x_wconf 90' lang='lat' dir='ltr'>Nec</span> <span class='ocrx_word' id='word_1_229' title='bbox 446 2940 476 2977; x_wconf 85' lang='lat' dir='ltr'>eo</span> <span class='ocrx_word' id='word_1_230' title='bbox 489 2921 592 2993; x_wconf 83' lang='lat' dir='ltr'>segnius</span> <span class='ocrx_word' id='word_1_231' title='bbox 604 2920 770 2992; x_wconf 89' lang='lat' dir='ltr'>propinquos,</span> <span class='ocrx_word' id='word_1_232' title='bbox 784 2922 877 2985; x_wconf 85' lang='lat' dir='ltr'>affines,</span> <span class='ocrx_word' id='word_1_233' title='bbox 891 2921 984 2977; x_wconf 83' lang='lat' dir='ltr'>iratres</span> 
     </span>
    </p>
   </div>
   <div class='ocr_carea' id='block_1_4' title="bbox 0 0 1295 3592">
    <p class='ocr_par' dir='ltr' id='par_1_4' title="bbox 0 0 1295 3592">
     <span class='ocr_line' id='line_1_34' title="bbox 0 0 1295 3592; baseline 0 0"><span class='ocrx_word' id='word_1_234' title='bbox 0 0 1295 3592; x_wconf 95' lang='lat' dir='ltr'> </span> 
     </span>
    </p>
   </div>
  </div>
 </body>
</html>
