2575 3592
292 418 339 467 116
623 420 743 469 'raom

920 480 1084 543 [ancara

290 529 384 585 auxilia
401 530 522 586 Vitellius
545 533 678 597 acciverat,
700 532 846 587 immensam
872 530 933 587 belli
955 530 1034 596 luem,
1057 549 1086 585 nr

290 609 425 673 Antonius,
438 608 465 664 id
475 609 558 680 ipsum
573 616 697 675 metuens,
710 610 830 665 festinato
849 608 935 679 praelic
951 608 1084 663 victoriam

290 686 458 756 praecepisset.
495 687 622 742 Universa
633 706 691 742 cum
704 688 817 742 exercitu
829 685 946 741 secundis
958 680 1088 741 aVercns

271 762 381 817 romana
404 762 555 818 Bedriacum
575 766 653 819 venit.
690 765 796 819 Postero
816 764 863 827 die,
886 762 1031 834 legionibus
1053 761 1087 817 ed

291 838 455 893 muniendum
472 841 586 906 retentis,
599 840 733 896 auxiliares
750 842 866 896 cohortes
883 840 910 894 in
925 840 1087 894 Cremonen·

292 933 345 970 sem
369 934 457 987 agrurn
481 918 571 983 missae,
596 924 634 981 ut,
657 918 739 988 specie
759 916 926 989 parandarum
945 916 1087 987 copiarum,

271 992 360 1052 tcivili
389 992 474 1064 praeda
496 994 568 1050 miles
591 996 755 1050 imbueretur.
803 995 864 1065 Ipse
887 1012 945 1049 eum
975 998 1090 1065 quatuor

292 1069 403 1124 millibus
426 1070 540 1141 equitum
558 1071 591 1126 ad
613 1078 732 1128 octavum
751 1091 767 1126 a
785 1071 908 1126 Bedriaco
927 1088 1089 1141 progressus,

293 1165 344 1217 quo
355 1147 472 1202 licentius
488 1145 677 1219 popularentur.
714 1150 901 1219 Exploratores,
919 1153 949 1203 ut
964 1166 1021 1203 mos
1038 1152 1088 1212 est,

251 1223 393 1295 ltilcngius
411 1224 541 1279 merebant.
578 1226 677 1285 Qrdnta
694 1226 773 1281 ferme
790 1226 853 1281 hora
873 1226 924 1280 diei
942 1229 1005 1291 crat,
1028 1243 1090 1280 cum

294 1302 360 1356 citus
373 1320 449 1372 eques
466 1302 602 1357 adventare
618 1303 712 1371 hostes,
729 1302 854 1375 praegredi
870 1320 972 1375 paucos,
985 1306 1089 1357 motnro

272 1378 473 1449 tiremitumqoe
496 1379 548 1434 lete
571 1379 654 1435 audiri
676 1381 811 1435 nuntiavit
854 1380 926 1435 Dum
954 1379 1088 1435 Antonius

294 1456 413 1527 quidnam
432 1455 557 1527 agendum
575 1456 711 1523 consultat,
729 1458 851 1511 aviditate
867 1455 988 1511 navandsa
1002 1474 1089 1527 opersr

294 1534 385 1588 Arrius
408 1534 493 1588 Varus
516 1551 575 1588 cnm
599 1534 793 1606 promptissimis
817 1534 932 1605 equitnm
960 1534 1089 1605 prorupit,

294 1610 445 1682 Mpulitque
468 1610 628 1673 Vitellianos,
652 1611 750 1665 morlica
773 1611 857 1666 carde:
887 1629 945 1665 nam
974 1610 1089 1681 plurium

294 1705 401 1742 accursu
412 1706 485 1742 versa
496 1688 606 1753 fortuna,
616 1691 643 1743 et
658 1689 794 1743 acerrimus
807 1688 913 1760 quisque
925 1688 1089 1759 sequentium

294 1765 363 1837 fuga
374 1764 480 1818 ultimus
492 1769 554 1819 erat.
585 1766 611 1821 N
613 1783 642 1820 cc
654 1770 745 1837 sponte
756 1766 863 1821 Antonii
875 1770 1046 1837 properatum,
1061 1769 1089 1821 et

274 1842 350 1896 tiore
363 1860 419 1911 quar
431 1840 574 1896 acciderant
585 1842 697 1897 rebatur.
733 1843 861 1897 Hortatur
878 1861 938 1897 suos
950 1847 981 1897 ut
993 1860 1090 1912 niagno

267 1947 272 1957 ·
296 1919 379 1973 aniano
399 1922 559 1988 capesserent
578 1938 697 1991 pugnam,
717 1919 827 1975 diductis
844 1921 872 1975 in
888 1920 969 1974 latere
984 1920 1089 1984 turmis,
1143 1982 1144 1991 2

295 2012 404 2051 vacuum
414 1994 497 2049 medic
506 1996 626 2067 relinquit
634 1998 692 2061 iter,
703 2014 752 2067 quo
762 1998 859 2051 Varum
871 1996 1020 2067 equitesque
1032 1996 1091 2066 ejus
1143 1998 1144 2009 ¹

295 2072 419 2143 reciperet
429 2091 437 2138 ;
452 2071 530 2143 jussae
542 2073 634 2127 armari
645 2073 773 2144 legiones3
792 2074 879 2128 datum
892 2092 937 2145 per
948 2092 1024 2145 agros
1036 2074 1092 2145 sig·

295 2167 357 2205 nram
376 2153 414 2214 ut,
431 2168 482 2221 que
500 2150 590 2221 cuique
611 2151 760 2221 proximum,
779 2151 872 2205 omissa
892 2150 983 2221 praedrq
1001 2151 1093 2221 praelio

274 2233 448 2285 toccurreret.
483 2228 595 2283 Pavidus
606 2229 709 2284 interim
720 2228 805 2283 Varus
817 2228 899 2284 turba
913 2246 1018 2283 suorum
1030 2230 1093 2283 mis

297 2312 377 2372 cetur,
389 2305 527 2377 intulitque
538 2305 705 2361 formidinem.
738 2305 809 2360 Pulsi
821 2324 878 2361 cum
891 2306 983 2361 sauciis
994 2306 1094 2377 integri

298 2387 397 2438 suomet
414 2384 464 2455 ipsi
480 2387 552 2438 metu
568 2386 595 2438 et
609 2384 739 2452 angurstiis
755 2384 854 2439 riarum
871 2382 1093 2439 conflictabantur.

274 2451 403 2515 7Nullum
423 2461 450 2515 in
465 2460 509 2515 alla
523 2459 693 2531 trepidatione
710 2460 838 2515 Antonius
858 2460 998 2516 constantis
1017 2461 1094 2515 ducis

298 2542 344 2590 aut
364 2536 495 2591 fortissimi
518 2537 606 2592 militis
626 2537 738 2592 officium
758 2538 851 2593 omisit.
886 2538 1028 2593 Occursare
1047 2557 1095 2609 pa·

297 2611 425 2677 ventibus,
450 2614 558 2668 retinere
576 2614 704 2683 cedentes,
721 2612 767 2669 ubi
783 2614 909 2685 plurimus
925 2615 1003 2681 labor,
1022 2617 1095 2671 unde

299 2689 384 2760 aliqua
401 2706 467 2758 spes,
484 2690 588 2744 consilio
605 2709 681 2745 mauu
698 2708 760 2747 voce
778 2692 885 2764 irrsigois
903 2692 979 2759 hosti,
992 2694 1095 2763 conspi-

277 2773 364 2821 aeuus
387 2765 449 2819 suis.
493 2764 533 2819 llo
556 2771 685 2836 postremo
708 2768 805 2823 ardoris
829 2773 964 2839 provectus
988 2773 1037 2837 est,
1063 2776 1096 2825 ut

300 2842 457 2897 vexillarium
469 2841 609 2913 fugientem
620 2843 695 2898 hasta
703 2846 927 2901 transverberaret.
958 2846 1026 2903 Mox
1036 2866 1096 2919 rap·

300 2921 358 2974 tum
381 2918 501 2976 vexillum
523 2918 552 2973 in
573 2918 676 2975 hostem
696 2922 782 2977 vertit.
824 2924 880 2990 Quo
903 2923 1001 2995 pudore
1025 2925 1095 2982 haud
