2575 3592
365 435 620 485 HISTORIARUM
640 435 683 483 lv.
701 436 802 484 64—66.
943 438 989 487 199

201 500 264 540 en.
276 499 305 541 m.

200 550 287 614 Italic,
308 501 356 603 lant
385 548 527 619 provinciis,
552 546 696 618 alienigena
717 547 745 601 in
775 546 866 601 finibus
894 549 989 603 nostris

199 627 312 691 fuerant,
336 644 379 680 eos
403 624 497 681 bellum
521 623 668 694 absumpsit,
692 625 733 679 rel
755 624 783 678 in
802 642 860 679 suaa
881 625 989 696 quisque

200 702 275 757 sedes
293 702 415 774 refugere.
452 701 575 756 Deductis
593 701 652 755 olim
670 704 696 755 et
719 701 849 755 nobiscum
867 719 912 771 per
929 719 990 756 eon-

199 779 307 837 nubium
318 780 427 843 sociatis,
441 778 534 849 quique
550 796 609 832 nrox
622 795 767 849 provenere,
780 778 834 832 haec
845 778 928 847 patria
938 783 986 834 est.

200 856 260 912 Nec
274 874 320 912 vos
336 855 398 911 adeo
416 855 516 925 iniquos
530 855 710 919 existimamus,
727 867 757 909 nt
768 855 877 909 interfici
888 874 904 909 a
914 855 1011 913 nobist

199 938 325 1005 parentes,
348 933 447 997 fratres,
464 932 556 987 liberos
573 937 674 986 nostros
691 931 783 987 velitis.
818 932 937 1004 Vectigal
960 937 988 987 et

199 1028 278 1065 onera
289 1009 495 1065 commerciorum
506 1008 662 1064 resolvimus,
700 1009 756 1063 Sint
768 1009 891 1063 transitus
903 1010 988 1065 incus-

198 1087 291 1154 toditi3
310 1086 355 1142 sed
373 1085 457 1140 diurni
470 1090 496 1141 et
513 1086 636 1141 inermes:
656 1084 735 1140 donec
750 1104 816 1140 nova
833 1091 859 1141 et
875 1087 988 1141 recentia

196 1165 257 1236 jura
268 1165 296 1219 in
313 1166 466 1219 vetustatem
482 1162 664 1218 consuetudine
679 1166 818 1217 vertamur.
854 1163 1010 1219 Arbitrnm5

198 1241 348 1297 habebimus
366 1240 469 1295 Civilem
485 1243 511 1293 et
526 1239 655 1304 Veledam,
673 1238 741 1310 apud
756 1257 819 1311 quos
839 1244 914 1309 pacto
932 1258 986 1294 san-

199 1318 326 1373 cientur.'‘
362 1317 404 1371 Sic
423 1316 507 1371 lenitis
528 1316 667 1382 Tencteris,
684 1316 763 1387 legati
782 1316 814 1370 ad
836 1316 938 1371 Civilem
959 1322 986 1372 et

199 1394 323 1449 Veledam
338 1393 409 1448 missi
425 1410 483 1448 cunr
496 1392 577 1458 donis,
597 1397 689 1448 concta
704 1411 736 1447 ex
751 1392 882 1448 voluntate
894 1394 986 1464 Agrip-

198 1471 343 1541 pinensium
360 1474 543 1542 perpetravere.
581 1468 631 1524 Sed
651 1488 735 1525 eoram
758 1469 827 1524 adire
844 1470 1010 1541 alloquiqnet

199 1547 322 1603 Veledam
342 1552 469 1617 negatum.
506 1546 667 1601 Arcehantur
687 1554 864 1617 aspectuque
883 1565 986 1601 venera·

197 1625 277 1679 tionis
294 1625 351 1696 plus
367 1625 469 1679 inesset.
506 1625 566 1693 Ipsa
589 1622 659 1678 edita
680 1624 707 1678 in
730 1628 816 1678 turre:
835 1623 948 1678 delectus
971 1642 986 1679 e

198 1702 346 1773 propinquis
360 1701 475 1756 consulta
491 1718 669 1771 responsaque,
689 1704 719 1755 ut
739 1700 910 1755 internuntius
930 1701 987 1755 Nu-

197 1779 280 1847 minis,
292 1778 417 1849 portabat.

234 1856 330 1921 Civilis,
353 1856 476 1911 societate
497 1854 721 1926 Agrippinensium
742 1859 840 1921 auctus,
860 1855 985 1927 proximas
994 1856 1030 1909 66

196 1933 317 1988 civitates
336 1934 462 1997 affectare,
484 1936 528 1986 aut
553 1932 745 1987 adversantibus
768 1932 862 1988 bellum
884 1932 985 1998 inferre,

197 2010 299 2064 statuit.
334 2009 524 2080 Occupatisque
537 2009 645 2073 Sericis,
659 2013 686 2063 et
696 2009 830 2079 juventute
843 2028 929 2064 eornm
941 2029 987 2079 per

198 2086 317 2141 cohortes
328 2086 475 2157 composita,
490 2104 540 2157 quo
553 2087 636 2140 minus
648 2085 716 2139 ultra
727 2091 851 2157 pergeret,
865 2086 986 2141 Claudius

198 2163 287 2218 Labeo
305 2163 466 2219 Betasiorum
486 2164 698 2235 Tungrorumque
721 2167 748 2217 et
771 2164 925 2218 Nerviorum
944 2169 986 2217 tu·

198 2240 336 2294 multuaria
345 2259 423 2295 manu
432 2240 543 2295 restitit:
557 2240 638 2294 lretus
650 2239 712 2303 loeo,
721 2240 780 2309 quia
790 2244 894 2310 pontem
906 2241 986 2295 Mosae

198 2317 311 2373 fluminis
323 2322 492 2389 antecaperet.
530 2316 747 2388 Pugnabaturque
761 2318 788 2371 in
799 2317 922 2387 angustiis
935 2322 1009 2371 arm-2

197 2395 284 2465 bigue,
309 2394 389 2450 donec
413 2394 533 2450 Germani
555 2398 744 2449 transnatantes
764 2399 837 2465 terga
859 2394 986 2449 Labeonis

198 2473 320 2527 invasere.
358 2472 437 2527 Simul
449 2472 545 2537 Civilis,
559 2489 642 2535 ausus,
657 2489 689 2525 an
701 2489 732 2525 ex
743 2472 889 2542 composito,
899 2472 986 2527 intulit

199 2566 228 2603 aa
251 2548 345 2620 agmini
367 2549 538 2620 'l'tmgrorum
563 2553 589 2603 et
613 2548 681 2602 clara
702 2566 771 2616 voce,
796 2550 881 2604 “Non
904 2550 984 2616 ideo,''

200 2626 291 2695 inquit,
305 2626 420 2681 “bellum
439 2627 601 2697 sumpsimus,
612 2630 642 2679 ut
658 2625 749 2681 Batavi
765 2630 791 2681 et
806 2627 909 2682 Treveri
924 2646 986 2697 gen-

199 2702 269 2757 tibus
285 2703 416 2774 imperent.
452 2703 545 2759 Procul
558 2704 612 2758 haec
630 2720 645 2757 a
662 2703 734 2758 nobis
749 2706 899 2776 arrogantia
935 2706 986 2759 Ac-

200 2778 277 2849 cipite
289 2780 442 2835 societatem.
472 2780 654 2852 Transgredior
665 2781 697 2836 ad
708 2800 760 2846 vos,
771 2800 817 2837 seu
827 2801 868 2837 me
880 2782 985 2847 Ducem,

200 2874 246 2912 sen
259 2856 370 2921 militem,
382 2857 526 2912 mavultis.’'
562 2858 715 2913 Movebatur
723 2859 822 2931 vulgus,
835 2857 1008 2913 condebant-³

200 2950 250 3005 qua
273 2932 386 3003 gladios;
415 2952 473 2989 eum
497 2934 639 3005 Campanus
667 2954 697 2990 ac
719 2934 856 2999 Juvenalis,
880 2950 912 2987 cx
935 2934 986 3004 pri·

201 3008 313 3068 moribus
338 3010 505 3082 llrngrnmm,
529 3012 674 3067 universam
694 3013 719 3068 ei
738 3016 840 3083 gentem
860 3008 984 3065 dedidere.
