<?xml version="1.0" encoding="UTF-8"?>
<!DOCTYPE html PUBLIC "-//W3C//DTD XHTML 1.0 Transitional//EN"
    "http://www.w3.org/TR/xhtml1/DTD/xhtml1-transitional.dtd">
<html xmlns="http://www.w3.org/1999/xhtml" xml:lang="en" lang="en">
 <head>
  <title>
</title>
<meta http-equiv="Content-Type" content="text/html;charset=utf-8" />
  <meta name='ocr-system' content='tesseract 3.04.00' />
  <meta name='ocr-capabilities' content='ocr_page ocr_carea ocr_par ocr_line ocrx_word'/>
</head>
<body>
  <div class='ocr_page' id='page_1' title='image "./operaomniaadfid00tacigoog_0241.png"; bbox 0 0 2575 3592; ppageno 0'>
   <div class='ocr_carea' id='block_1_1' title="bbox 440 422 985 473">
    <p class='ocr_par' dir='ltr' id='par_1_1' title="bbox 440 422 985 473">
     <span class='ocr_line' id='line_1_1' title="bbox 440 422 985 473; baseline -0.011 1"><span class='ocrx_word' id='word_1_1' title='bbox 440 425 636 473; x_wconf 80' lang='lat' dir='ltr'><strong>GERMANIA</strong></span> <span class='ocrx_word' id='word_1_2' title='bbox 664 425 749 471; x_wconf 81' lang='lat'>6-10.</span> <span class='ocrx_word' id='word_1_3' title='bbox 937 422 985 469; x_wconf 74' lang='lat'><strong>285</strong></span> 
     </span>
    </p>
   </div>
   <div class='ocr_carea' id='block_1_2' title="bbox 195 530 1014 1372">
    <p class='ocr_par' dir='ltr' id='par_1_2' title="bbox 195 530 1014 1372">
     <span class='ocr_line' id='line_1_2' title="bbox 197 530 1011 605; baseline 0.002 -20"><span class='ocrx_word' id='word_1_4' title='bbox 197 530 301 587; x_wconf 80' lang='lat' dir='ltr'><strong>familie</strong></span> <span class='ocrx_word' id='word_1_5' title='bbox 312 534 338 587; x_wconf 89' lang='lat' dir='ltr'><strong>et</strong></span> <span class='ocrx_word' id='word_1_6' title='bbox 350 533 558 605; x_wconf 76' lang='lat' dir='ltr'><strong>propinquitates.</strong></span> <span class='ocrx_word' id='word_1_7' title='bbox 594 535 628 589; x_wconf 82' lang='lat' dir='ltr'><strong>Et</strong></span> <span class='ocrx_word' id='word_1_8' title='bbox 637 534 663 589; x_wconf 91' lang='lat' dir='ltr'><strong>in</strong></span> <span class='ocrx_word' id='word_1_9' title='bbox 672 533 786 605; x_wconf 84' lang='lat' dir='ltr'><strong>proximo</strong></span> <span class='ocrx_word' id='word_1_10' title='bbox 795 532 907 603; x_wconf 76' lang='lat' dir='ltr'><strong>pignora,</strong></span> <span class='ocrx_word' id='word_1_11' title='bbox 916 531 1011 587; x_wconf 66' lang='lat' dir='ltr'><strong>undas</strong></span> 
     </span>
     <span class='ocr_line' id='line_1_3' title="bbox 197 608 987 681; baseline 0.003 -20"><span class='ocrx_word' id='word_1_12' title='bbox 197 608 349 663; x_wconf 86' lang='lat' dir='ltr'><strong>feminarum</strong></span> <span class='ocrx_word' id='word_1_13' title='bbox 361 610 473 665; x_wconf 84' lang='lat' dir='ltr'><strong>ululatus</strong></span> <span class='ocrx_word' id='word_1_14' title='bbox 485 611 573 680; x_wconf 89' lang='lat' dir='ltr'><strong>audiri,</strong></span> <span class='ocrx_word' id='word_1_15' title='bbox 584 611 652 666; x_wconf 89' lang='lat' dir='ltr'><strong>unde</strong></span> <span class='ocrx_word' id='word_1_16' title='bbox 663 612 764 681; x_wconf 84' lang='lat' dir='ltr'><strong>vagitus</strong></span> <span class='ocrx_word' id='word_1_17' title='bbox 775 609 919 665; x_wconf 78' lang='lat' dir='ltr'><strong>infantium.</strong></span> <span class='ocrx_word' id='word_1_18' title='bbox 947 608 987 664; x_wconf 93' lang='lat' dir='ltr'><strong>Hi</strong></span> 
     </span>
     <span class='ocr_line' id='line_1_4' title="bbox 197 684 987 757; baseline 0.003 -19"><span class='ocrx_word' id='word_1_19' title='bbox 197 687 293 755; x_wconf 89' lang='lat' dir='ltr'><strong>cuique</strong></span> <span class='ocrx_word' id='word_1_20' title='bbox 312 687 464 742; x_wconf 75' lang='lat' dir='ltr'><strong>sanctissimi</strong></span> <span class='ocrx_word' id='word_1_21' title='bbox 483 692 572 757; x_wconf 86' lang='lat' dir='ltr'><strong>testes,</strong></span> <span class='ocrx_word' id='word_1_22' title='bbox 592 690 618 743; x_wconf 94' lang='lat' dir='ltr'><strong>hi</strong></span> <span class='ocrx_word' id='word_1_23' title='bbox 638 688 742 743; x_wconf 82' lang='lat' dir='ltr'><strong>maximi</strong></span> <span class='ocrx_word' id='word_1_24' title='bbox 759 685 909 741; x_wconf 77' lang='lat' dir='ltr'><strong>laudatores.</strong></span> <span class='ocrx_word' id='word_1_25' title='bbox 943 684 987 740; x_wconf 84' lang='lat' dir='ltr'><strong>Ad</strong></span> 
     </span>
     <span class='ocr_line' id='line_1_5' title="bbox 197 763 987 835; baseline 0.001 -20"><span class='ocrx_word' id='word_1_26' title='bbox 197 767 302 827; x_wconf 87' lang='lat' dir='ltr'><strong>matres,</strong></span> <span class='ocrx_word' id='word_1_27' title='bbox 317 763 348 817; x_wconf 91' lang='lat' dir='ltr'><strong>ad</strong></span> <span class='ocrx_word' id='word_1_28' title='bbox 360 764 714 835; x_wconf 80' lang='lat' dir='ltr'><strong>conjngearulnera.lernnt;</strong></span> <span class='ocrx_word' id='word_1_29' title='bbox 732 782 779 819; x_wconf 89' lang='lat' dir='ltr'><strong>neo</strong></span> <span class='ocrx_word' id='word_1_30' title='bbox 794 763 844 818; x_wconf 75' lang='lat' dir='ltr'><strong>illae</strong></span> <span class='ocrx_word' id='word_1_31' title='bbox 854 779 987 817; x_wconf 88' lang='lat' dir='ltr'><strong>numerare</strong></span> 
     </span>
     <span class='ocr_line' id='line_1_6' title="bbox 195 839 987 912; baseline 0.003 -20"><span class='ocrx_word' id='word_1_32' title='bbox 195 842 247 893; x_wconf 81' lang='lat' dir='ltr'><strong>aut</strong></span> <span class='ocrx_word' id='word_1_33' title='bbox 262 839 363 911; x_wconf 83' lang='lat' dir='ltr'><strong>exigere</strong></span> <span class='ocrx_word' id='word_1_34' title='bbox 380 840 468 911; x_wconf 86' lang='lat' dir='ltr'><strong>plagas</strong></span> <span class='ocrx_word' id='word_1_35' title='bbox 479 846 580 912; x_wconf 88' lang='lat' dir='ltr'><strong>pavent,</strong></span> <span class='ocrx_word' id='word_1_36' title='bbox 593 842 713 912; x_wconf 83' lang='lat' dir='ltr'><strong>cibosque</strong></span> <span class='ocrx_word' id='word_1_37' title='bbox 724 845 751 895; x_wconf 88' lang='lat' dir='ltr'><strong>et</strong></span> <span class='ocrx_word' id='word_1_38' title='bbox 762 840 905 895; x_wconf 87' lang='lat' dir='ltr'><strong>hortamina</strong></span> <span class='ocrx_word' id='word_1_39' title='bbox 921 858 987 910; x_wconf 84' lang='lat' dir='ltr'><strong>pug-</strong></span> 
     </span>
     <span class='ocr_line' id='line_1_7' title="bbox 195 915 1014 989; baseline 0.004 -20"><span class='ocrx_word' id='word_1_40' title='bbox 195 915 320 971; x_wconf 78' lang='lat' dir='ltr'><strong>nantibus</strong></span> <span class='ocrx_word' id='word_1_41' title='bbox 336 922 446 987; x_wconf 82' lang='lat' dir='ltr'><strong>gestaut.</strong></span> <span class='ocrx_word' id='word_1_42' title='bbox 482 918 613 973; x_wconf 77' lang='lat' dir='ltr'><strong>Memoriae</strong></span> <span class='ocrx_word' id='word_1_43' title='bbox 628 918 752 989; x_wconf 76' lang='lat' dir='ltr'><strong>proditur,</strong></span> <span class='ocrx_word' id='word_1_44' title='bbox 769 916 890 988; x_wconf 82' lang='lat' dir='ltr'><strong>quasdam</strong></span> <span class='ocrx_word' id='word_1_45' title='bbox 911 916 1014 981; x_wconf 81' lang='lat' dir='ltr'><strong>acies,8</strong></span> 
     </span>
     <span class='ocr_line' id='line_1_8' title="bbox 195 992 987 1063; baseline 0 -16"><span class='ocrx_word' id='word_1_46' title='bbox 195 992 333 1048; x_wconf 82' lang='lat' dir='ltr'><strong>inclinatas</strong></span> <span class='ocrx_word' id='word_1_47' title='bbox 341 997 395 1063; x_wconf 90' lang='lat' dir='ltr'><strong>jam</strong></span> <span class='ocrx_word' id='word_1_48' title='bbox 407 999 434 1049; x_wconf 92' lang='lat' dir='ltr'><strong>et</strong></span> <span class='ocrx_word' id='word_1_49' title='bbox 446 994 567 1061; x_wconf 85' lang='lat' dir='ltr'><strong>labantes,</strong></span> <span class='ocrx_word' id='word_1_50' title='bbox 580 995 708 1049; x_wconf 77' lang='lat' dir='ltr'><strong>aluminis</strong></span> <span class='ocrx_word' id='word_1_51' title='bbox 717 996 859 1059; x_wconf 86' lang='lat' dir='ltr'><strong>restitutas,</strong></span> <span class='ocrx_word' id='word_1_52' title='bbox 869 997 987 1048; x_wconf 88' lang='lat' dir='ltr'><strong>constan-</strong></span> 
     </span>
     <span class='ocr_line' id='line_1_9' title="bbox 196 1068 987 1143; baseline 0 -20"><span class='ocrx_word' id='word_1_53' title='bbox 196 1068 239 1123; x_wconf 86' lang='lat' dir='ltr'><strong>tis</strong></span> <span class='ocrx_word' id='word_1_54' title='bbox 250 1088 360 1139; x_wconf 87' lang='lat' dir='ltr'><strong>precum,</strong></span> <span class='ocrx_word' id='word_1_55' title='bbox 373 1076 399 1125; x_wconf 93' lang='lat' dir='ltr'><strong>et</strong></span> <span class='ocrx_word' id='word_1_56' title='bbox 411 1071 513 1141; x_wconf 86' lang='lat' dir='ltr'><strong>objectu</strong></span> <span class='ocrx_word' id='word_1_57' title='bbox 524 1078 664 1143; x_wconf 81' lang='lat' dir='ltr'><strong>pectorum,</strong></span> <span class='ocrx_word' id='word_1_58' title='bbox 677 1076 704 1126; x_wconf 90' lang='lat' dir='ltr'><strong>et</strong></span> <span class='ocrx_word' id='word_1_59' title='bbox 719 1076 862 1133; x_wconf 82' lang='lat' dir='ltr'><strong>monstrata</strong></span> <span class='ocrx_word' id='word_1_60' title='bbox 872 1070 987 1125; x_wconf 87' lang='lat' dir='ltr'><strong>cominus</strong></span> 
     </span>
     <span class='ocr_line' id='line_1_10' title="bbox 197 1146 986 1220; baseline 0.003 -21"><span class='ocrx_word' id='word_1_61' title='bbox 197 1146 356 1216; x_wconf 81' lang='lat' dir='ltr'><strong>captivitate,</strong></span> <span class='ocrx_word' id='word_1_62' title='bbox 370 1166 444 1218; x_wconf 87' lang='lat' dir='ltr'><strong>quam</strong></span> <span class='ocrx_word' id='word_1_63' title='bbox 456 1148 531 1219; x_wconf 81' lang='lat' dir='ltr'><strong>longe</strong></span> <span class='ocrx_word' id='word_1_64' title='bbox 542 1148 715 1220; x_wconf 88' lang='lat' dir='ltr'><strong>impatientius</strong></span> <span class='ocrx_word' id='word_1_65' title='bbox 724 1147 871 1201; x_wconf 83' lang='lat' dir='ltr'><strong>feminarum</strong></span> <span class='ocrx_word' id='word_1_66' title='bbox 884 1164 986 1201; x_wconf 88' lang='lat' dir='ltr'><strong>suarum</strong></span> 
     </span>
     <span class='ocr_line' id='line_1_11' title="bbox 198 1223 988 1294; baseline 0.004 -19"><span class='ocrx_word' id='word_1_67' title='bbox 198 1223 304 1277; x_wconf 89' lang='lat' dir='ltr'><strong>nomine</strong></span> <span class='ocrx_word' id='word_1_68' title='bbox 326 1223 425 1292; x_wconf 86' lang='lat' dir='ltr'><strong>timent,</strong></span> <span class='ocrx_word' id='word_1_69' title='bbox 450 1224 512 1279; x_wconf 90' lang='lat' dir='ltr'><strong>adeo</strong></span> <span class='ocrx_word' id='word_1_70' title='bbox 535 1238 565 1280; x_wconf 88' lang='lat' dir='ltr'><strong>ut</strong></span> <span class='ocrx_word' id='word_1_71' title='bbox 589 1226 714 1279; x_wconf 87' lang='lat' dir='ltr'><strong>efficacius</strong></span> <span class='ocrx_word' id='word_1_72' title='bbox 737 1224 882 1294; x_wconf 86' lang='lat' dir='ltr'><strong>obligentur</strong></span> <span class='ocrx_word' id='word_1_73' title='bbox 910 1223 988 1278; x_wconf 86' lang='lat' dir='ltr'><strong>animi</strong></span> 
     </span>
     <span class='ocr_line' id='line_1_12' title="bbox 199 1299 988 1372; baseline 0.001 -20"><span class='ocrx_word' id='word_1_74' title='bbox 199 1299 333 1353; x_wconf 86' lang='lat' dir='ltr'><strong>civitatum</strong></span> <span class='ocrx_word' id='word_1_75' title='bbox 351 1300 444 1371; x_wconf 88' lang='lat' dir='ltr'><strong>quibus</strong></span> <span class='ocrx_word' id='word_1_76' title='bbox 461 1301 529 1357; x_wconf 86' lang='lat' dir='ltr'><strong>inter</strong></span> <span class='ocrx_word' id='word_1_77' title='bbox 543 1301 643 1356; x_wconf 88' lang='lat' dir='ltr'><strong>obsides</strong></span> <span class='ocrx_word' id='word_1_78' title='bbox 661 1300 751 1372; x_wconf 75' lang='lat' dir='ltr'><strong>puellae</strong></span> <span class='ocrx_word' id='word_1_79' title='bbox 770 1318 871 1370; x_wconf 91' lang='lat' dir='ltr'><strong>quoque</strong></span> <span class='ocrx_word' id='word_1_80' title='bbox 889 1299 988 1354; x_wconf 89' lang='lat' dir='ltr'><strong>nobiles</strong></span> 
     </span>
    </p>
   </div>
   <div class='ocr_carea' id='block_1_3' title="bbox 198 1374 1055 1449">
    <p class='ocr_par' dir='ltr' id='par_1_3' title="bbox 198 1374 1055 1449">
     <span class='ocr_line' id='line_1_13' title="bbox 198 1374 1055 1449; baseline 0.001 -21"><span class='ocrx_word' id='word_1_81' title='bbox 198 1375 365 1445; x_wconf 86' lang='lat' dir='ltr'><strong>imperantur.</strong></span> <span class='ocrx_word' id='word_1_82' title='bbox 399 1377 487 1433; x_wconf 81' lang='lat' dir='ltr'><strong>inesse</strong></span> <span class='ocrx_word' id='word_1_83' title='bbox 499 1378 636 1449; x_wconf 86' lang='lat' dir='ltr'><strong>quinetiam</strong></span> <span class='ocrx_word' id='word_1_84' title='bbox 648 1388 766 1433; x_wconf 84' lang='lat' dir='ltr'><strong>sanctum</strong></span> <span class='ocrx_word' id='word_1_85' title='bbox 783 1374 877 1447; x_wconf 90' lang='lat' dir='ltr'><strong>aliquid</strong></span> <span class='ocrx_word' id='word_1_86' title='bbox 893 1383 1012 1446; x_wconf 82' lang='lat' dir='ltr'><strong>etpro·2</strong></span> <span class='ocrx_word' id='word_1_87' title='bbox 1044 1384 1055 1399; x_wconf 86' lang='lat'><strong><em>‘</em></strong></span> 
     </span>
    </p>
   </div>
   <div class='ocr_carea' id='block_1_4' title="bbox 198 1450 1015 2368">
    <p class='ocr_par' dir='ltr' id='par_1_4' title="bbox 198 1450 1012 1832">
     <span class='ocr_line' id='line_1_14' title="bbox 199 1450 988 1523; baseline 0 -18"><span class='ocrx_word' id='word_1_88' title='bbox 199 1450 288 1505; x_wconf 72' lang='lat' dir='ltr'><strong>nidum</strong></span> <span class='ocrx_word' id='word_1_89' title='bbox 300 1456 400 1522; x_wconf 89' lang='lat' dir='ltr'><strong>putant,</strong></span> <span class='ocrx_word' id='word_1_90' title='bbox 416 1472 465 1509; x_wconf 87' lang='lat' dir='ltr'><strong>nec</strong></span> <span class='ocrx_word' id='word_1_91' title='bbox 481 1460 526 1509; x_wconf 89' lang='lat' dir='ltr'><strong>aut</strong></span> <span class='ocrx_word' id='word_1_92' title='bbox 545 1455 649 1509; x_wconf 88' lang='lat' dir='ltr'><strong>consilia</strong></span> <span class='ocrx_word' id='word_1_93' title='bbox 666 1473 752 1509; x_wconf 86' lang='lat' dir='ltr'><strong>earum</strong></span> <span class='ocrx_word' id='word_1_94' title='bbox 765 1457 932 1523; x_wconf 86' lang='lat' dir='ltr'><strong>aspernantur</strong></span> <span class='ocrx_word' id='word_1_95' title='bbox 943 1457 988 1505; x_wconf 90' lang='lat' dir='ltr'><strong>aut</strong></span> 
     </span>
     <span class='ocr_line' id='line_1_15' title="bbox 199 1528 1012 1601; baseline 0 -20"><span class='ocrx_word' id='word_1_96' title='bbox 199 1545 323 1598; x_wconf 86' lang='lat' dir='ltr'><strong>responsa</strong></span> <span class='ocrx_word' id='word_1_97' title='bbox 343 1529 483 1601; x_wconf 81' lang='lat' dir='ltr'><strong>negligunt.</strong></span> <span class='ocrx_word' id='word_1_98' title='bbox 518 1531 647 1597; x_wconf 87' lang='lat' dir='ltr'><strong>Vidimus,</strong></span> <span class='ocrx_word' id='word_1_99' title='bbox 670 1530 718 1585; x_wconf 89' lang='lat' dir='ltr'><strong>snb</strong></span> <span class='ocrx_word' id='word_1_100' title='bbox 742 1529 800 1583; x_wconf 85' lang='lat' dir='ltr'><strong>divo</strong></span> <span class='ocrx_word' id='word_1_101' title='bbox 823 1528 1012 1599; x_wconf 69' lang='lat' dir='ltr'><strong>Vespasianus</strong></span> 
     </span>
     <span class='ocr_line' id='line_1_16' title="bbox 199 1603 988 1679; baseline 0.003 -21"><span class='ocrx_word' id='word_1_102' title='bbox 199 1603 324 1659; x_wconf 81' lang='lat' dir='ltr'><strong>Veledam</strong></span> <span class='ocrx_word' id='word_1_103' title='bbox 345 1605 389 1661; x_wconf 90' lang='lat' dir='ltr'><strong>diu</strong></span> <span class='ocrx_word' id='word_1_104' title='bbox 412 1606 481 1678; x_wconf 89' lang='lat' dir='ltr'><strong>apud</strong></span> <span class='ocrx_word' id='word_1_105' title='bbox 498 1608 632 1679; x_wconf 88' lang='lat' dir='ltr'><strong>plerosque</strong></span> <span class='ocrx_word' id='word_1_106' title='bbox 655 1607 766 1662; x_wconf 89' lang='lat' dir='ltr'><strong>numinis</strong></span> <span class='ocrx_word' id='word_1_107' title='bbox 789 1606 845 1660; x_wconf 92' lang='lat' dir='ltr'><strong>loco</strong></span> <span class='ocrx_word' id='word_1_108' title='bbox 868 1605 988 1660; x_wconf 88' lang='lat' dir='ltr'><strong>habitam.</strong></span> 
     </span>
     <span class='ocr_line' id='line_1_17' title="bbox 201 1680 990 1756; baseline 0 -21"><span class='ocrx_word' id='word_1_109' title='bbox 201 1680 252 1735; x_wconf 80' lang='lat' dir='ltr'><strong>sed</strong></span> <span class='ocrx_word' id='word_1_110' title='bbox 264 1684 291 1736; x_wconf 86' lang='lat' dir='ltr'><strong>et</strong></span> <span class='ocrx_word' id='word_1_111' title='bbox 303 1681 362 1737; x_wconf 93' lang='lat' dir='ltr'><strong>olim</strong></span> <span class='ocrx_word' id='word_1_112' title='bbox 374 1684 506 1739; x_wconf 84' lang='lat' dir='ltr'><strong>Auriniam</strong></span> <span class='ocrx_word' id='word_1_113' title='bbox 518 1689 545 1739; x_wconf 89' lang='lat' dir='ltr'><strong>et</strong></span> <span class='ocrx_word' id='word_1_114' title='bbox 561 1684 702 1756; x_wconf 88' lang='lat' dir='ltr'><strong>complures</strong></span> <span class='ocrx_word' id='word_1_115' title='bbox 720 1684 780 1737; x_wconf 84' lang='lat' dir='ltr'><strong>alias</strong></span> <span class='ocrx_word' id='word_1_116' title='bbox 795 1681 910 1737; x_wconf 84' lang='lat' dir='ltr'><strong>venerati</strong></span> <span class='ocrx_word' id='word_1_117' title='bbox 920 1685 990 1749; x_wconf 89' lang='lat' dir='ltr'><strong>sunt,</strong></span> 
     </span>
     <span class='ocr_line' id='line_1_18' title="bbox 198 1757 844 1832; baseline 0 -19"><span class='ocrx_word' id='word_1_118' title='bbox 198 1775 251 1813; x_wconf 87' lang='lat' dir='ltr'><strong>non</strong></span> <span class='ocrx_word' id='word_1_119' title='bbox 264 1757 414 1827; x_wconf 85' lang='lat' dir='ltr'><strong>adulatione,</strong></span> <span class='ocrx_word' id='word_1_120' title='bbox 426 1778 508 1832; x_wconf 89' lang='lat' dir='ltr'><strong>neque</strong></span> <span class='ocrx_word' id='word_1_121' title='bbox 519 1765 639 1832; x_wconf 85' lang='lat' dir='ltr'><strong>tanquam</strong></span> <span class='ocrx_word' id='word_1_122' title='bbox 651 1761 764 1816; x_wconf 84' lang='lat' dir='ltr'><strong>iacerent</strong></span> <span class='ocrx_word' id='word_1_123' title='bbox 776 1758 844 1814; x_wconf 85' lang='lat' dir='ltr'><strong>deas.</strong></span> 
     </span>
    </p>

    <p class='ocr_par' dir='ltr' id='par_1_5' title="bbox 198 1834 1015 2368">
     <span class='ocr_line' id='line_1_19' title="bbox 235 1834 1015 1903; baseline 0.003 -14"><span class='ocrx_word' id='word_1_124' title='bbox 235 1834 351 1890; x_wconf 89' lang='lat' dir='ltr'><strong>Deorum</strong></span> <span class='ocrx_word' id='word_1_125' title='bbox 363 1836 471 1893; x_wconf 85' lang='lat' dir='ltr'><strong>maxime</strong></span> <span class='ocrx_word' id='word_1_126' title='bbox 482 1838 640 1893; x_wconf 83' lang='lat' dir='ltr'><strong>Mercurium</strong></span> <span class='ocrx_word' id='word_1_127' title='bbox 652 1840 747 1903; x_wconf 89' lang='lat' dir='ltr'><strong>colunt,</strong></span> <span class='ocrx_word' id='word_1_128' title='bbox 761 1836 803 1892; x_wconf 93' lang='lat' dir='ltr'><strong>cni</strong></span> <span class='ocrx_word' id='word_1_129' title='bbox 811 1835 887 1892; x_wconf 85' lang='lat' dir='ltr'><strong>certis</strong></span> <span class='ocrx_word' id='word_1_130' title='bbox 900 1834 1015 1891; x_wconf 87' lang='lat' dir='ltr'><strong>diebus9</strong></span> 
     </span>
     <span class='ocr_line' id='line_1_20' title="bbox 198 1910 988 1985; baseline 0.001 -20"><span class='ocrx_word' id='word_1_131' title='bbox 198 1910 317 1967; x_wconf 88' lang='lat' dir='ltr'><strong>humanis</strong></span> <span class='ocrx_word' id='word_1_132' title='bbox 336 1931 436 1985; x_wconf 89' lang='lat' dir='ltr'><strong>quoque</strong></span> <span class='ocrx_word' id='word_1_133' title='bbox 454 1914 544 1970; x_wconf 89' lang='lat' dir='ltr'><strong>hostiis</strong></span> <span class='ocrx_word' id='word_1_134' title='bbox 562 1916 635 1970; x_wconf 89' lang='lat' dir='ltr'><strong>litare</strong></span> <span class='ocrx_word' id='word_1_135' title='bbox 655 1915 694 1969; x_wconf 84' lang='lat' dir='ltr'><strong>fas</strong></span> <span class='ocrx_word' id='word_1_136' title='bbox 711 1914 814 1969; x_wconf 86' lang='lat' dir='ltr'><strong>habent.</strong></span> <span class='ocrx_word' id='word_1_137' title='bbox 849 1912 988 1968; x_wconf 84' lang='lat' dir='ltr'><strong>Herculem</strong></span> 
     </span>
     <span class='ocr_line' id='line_1_21' title="bbox 199 1988 1013 2063; baseline 0.001 -21"><span class='ocrx_word' id='word_1_138' title='bbox 199 2006 231 2043; x_wconf 87' lang='lat' dir='ltr'><strong>aa</strong></span> <span class='ocrx_word' id='word_1_139' title='bbox 242 1988 355 2044; x_wconf 89' lang='lat' dir='ltr'><strong>Martem</strong></span> <span class='ocrx_word' id='word_1_140' title='bbox 367 1992 492 2047; x_wconf 85' lang='lat' dir='ltr'><strong>concessis</strong></span> <span class='ocrx_word' id='word_1_141' title='bbox 508 1992 658 2047; x_wconf 86' lang='lat' dir='ltr'><strong>animalibus</strong></span> <span class='ocrx_word' id='word_1_142' title='bbox 669 1989 777 2063; x_wconf 82' lang='lat' dir='ltr'><strong>placant</strong></span> <span class='ocrx_word' id='word_1_143' title='bbox 812 1991 875 2045; x_wconf 88' lang='lat' dir='ltr'><strong>Pars</strong></span> <span class='ocrx_word' id='word_1_144' title='bbox 891 1990 1013 2044; x_wconf 68' lang='lat' dir='ltr'><strong>Sumo-2</strong></span> 
     </span>
     <span class='ocr_line' id='line_1_22' title="bbox 199 2066 988 2140; baseline 0 -22"><span class='ocrx_word' id='word_1_145' title='bbox 199 2082 259 2119; x_wconf 92' lang='lat' dir='ltr'><strong>rum</strong></span> <span class='ocrx_word' id='word_1_146' title='bbox 271 2070 298 2121; x_wconf 88' lang='lat' dir='ltr'><strong>et</strong></span> <span class='ocrx_word' id='word_1_147' title='bbox 313 2066 376 2121; x_wconf 88' lang='lat' dir='ltr'><strong>Isidi</strong></span> <span class='ocrx_word' id='word_1_148' title='bbox 394 2069 532 2125; x_wconf 65' lang='lat' dir='ltr'><strong>sacrificata</strong></span> <span class='ocrx_word' id='word_1_149' title='bbox 551 2070 620 2124; x_wconf 91' lang='lat' dir='ltr'><strong>unde</strong></span> <span class='ocrx_word' id='word_1_150' title='bbox 634 2088 712 2124; x_wconf 89' lang='lat' dir='ltr'><strong>causa</strong></span> <span class='ocrx_word' id='word_1_151' title='bbox 729 2074 755 2123; x_wconf 90' lang='lat' dir='ltr'><strong>et</strong></span> <span class='ocrx_word' id='word_1_152' title='bbox 769 2070 841 2140; x_wconf 86' lang='lat' dir='ltr'><strong>origo</strong></span> <span class='ocrx_word' id='word_1_153' title='bbox 855 2067 988 2137; x_wconf 74' lang='lat' dir='ltr'><strong>peregrino</strong></span> 
     </span>
     <span class='ocr_line' id='line_1_23' title="bbox 199 2142 990 2216; baseline 0 -21"><span class='ocrx_word' id='word_1_154' title='bbox 199 2158 281 2207; x_wconf 84' lang='lat' dir='ltr'><strong>sacro,</strong></span> <span class='ocrx_word' id='word_1_155' title='bbox 306 2161 394 2213; x_wconf 81' lang='lat' dir='ltr'><strong>parurn</strong></span> <span class='ocrx_word' id='word_1_156' title='bbox 417 2146 534 2216; x_wconf 84' lang='lat' dir='ltr'><strong>comperi,</strong></span> <span class='ocrx_word' id='word_1_157' title='bbox 557 2146 606 2201; x_wconf 87' lang='lat' dir='ltr'><strong>nisi</strong></span> <span class='ocrx_word' id='word_1_158' title='bbox 630 2145 699 2216; x_wconf 90' lang='lat' dir='ltr'><strong>qnod</strong></span> <span class='ocrx_word' id='word_1_159' title='bbox 722 2145 824 2215; x_wconf 86' lang='lat' dir='ltr'><strong>signum</strong></span> <span class='ocrx_word' id='word_1_160' title='bbox 846 2143 938 2213; x_wconf 89' lang='lat' dir='ltr'><strong>ipsum,</strong></span> <span class='ocrx_word' id='word_1_161' title='bbox 961 2142 990 2196; x_wconf 92' lang='lat' dir='ltr'><strong>in</strong></span> 
     </span>
     <span class='ocr_line' id='line_1_24' title="bbox 200 2216 988 2290; baseline 0.004 -20"><span class='ocrx_word' id='word_1_162' title='bbox 200 2216 304 2272; x_wconf 87' lang='lat' dir='ltr'><strong>modum</strong></span> <span class='ocrx_word' id='word_1_163' title='bbox 316 2219 423 2275; x_wconf 78' lang='lat' dir='ltr'><strong>liburnae</strong></span> <span class='ocrx_word' id='word_1_164' title='bbox 439 2222 584 2290; x_wconf 75' lang='lat' dir='ltr'><strong>figuratum,</strong></span> <span class='ocrx_word' id='word_1_165' title='bbox 599 2222 673 2276; x_wconf 90' lang='lat' dir='ltr'><strong>docet</strong></span> <span class='ocrx_word' id='word_1_166' title='bbox 687 2220 818 2275; x_wconf 84' lang='lat' dir='ltr'><strong>advectam</strong></span> <span class='ocrx_word' id='word_1_167' title='bbox 833 2218 988 2289; x_wconf 86' lang='lat' dir='ltr'><strong>religionem.</strong></span> 
     </span>
     <span class='ocr_line' id='line_1_25' title="bbox 201 2294 1013 2368; baseline 0.001 -20"><span class='ocrx_word' id='word_1_168' title='bbox 201 2294 329 2349; x_wconf 76' lang='lat' dir='ltr'><strong>Caeterum</strong></span> <span class='ocrx_word' id='word_1_169' title='bbox 346 2314 393 2352; x_wconf 89' lang='lat' dir='ltr'><strong>neo</strong></span> <span class='ocrx_word' id='word_1_170' title='bbox 405 2298 521 2353; x_wconf 86' lang='lat' dir='ltr'><strong>cohibere</strong></span> <span class='ocrx_word' id='word_1_171' title='bbox 535 2298 675 2368; x_wconf 86' lang='lat' dir='ltr'><strong>parietibus</strong></span> <span class='ocrx_word' id='word_1_172' title='bbox 689 2296 757 2362; x_wconf 90' lang='lat' dir='ltr'><strong>deos,</strong></span> <span class='ocrx_word' id='word_1_173' title='bbox 775 2314 858 2367; x_wconf 87' lang='lat' dir='ltr'><strong>neque</strong></span> <span class='ocrx_word' id='word_1_174' title='bbox 873 2296 901 2349; x_wconf 92' lang='lat' dir='ltr'><strong>in</strong></span> <span class='ocrx_word' id='word_1_175' title='bbox 911 2294 1013 2356; x_wconf 77' lang='lat' dir='ltr'><strong>ullsma</strong></span> 
     </span>
    </p>
   </div>
   <div class='ocr_carea' id='block_1_5' title="bbox 199 2372 1097 2446">
    <p class='ocr_par' dir='ltr' id='par_1_6' title="bbox 199 2372 1097 2446">
     <span class='ocr_line' id='line_1_26' title="bbox 199 2372 1097 2446; baseline 0.001 -21"><span class='ocrx_word' id='word_1_176' title='bbox 199 2372 368 2428; x_wconf 88' lang='lat' dir='ltr'><strong>humanioris</strong></span> <span class='ocrx_word' id='word_1_177' title='bbox 381 2376 489 2445; x_wconf 88' lang='lat' dir='ltr'><strong>speeiem</strong></span> <span class='ocrx_word' id='word_1_178' title='bbox 502 2375 655 2440; x_wconf 87' lang='lat' dir='ltr'><strong>assimulare,</strong></span> <span class='ocrx_word' id='word_1_179' title='bbox 668 2393 702 2429; x_wconf 91' lang='lat' dir='ltr'><strong>ex</strong></span> <span class='ocrx_word' id='word_1_180' title='bbox 719 2372 894 2446; x_wconf 76' lang='lat' dir='ltr'><strong>magnitudine</strong></span> <span class='ocrx_word' id='word_1_181' title='bbox 906 2373 988 2427; x_wconf 81' lang='lat' dir='ltr'><strong>cales-</strong></span> <span class='ocrx_word' id='word_1_182' title='bbox 1091 2401 1097 2409; x_wconf 77' lang='lat'><em>·</em></span> 
     </span>
    </p>
   </div>
   <div class='ocr_carea' id='block_1_6' title="bbox 199 2448 1035 3063">
    <p class='ocr_par' dir='ltr' id='par_1_7' title="bbox 199 2448 1035 3063">
     <span class='ocr_line' id='line_1_27' title="bbox 199 2448 988 2513; baseline 0.003 -11"><span class='ocrx_word' id='word_1_183' title='bbox 199 2448 267 2503; x_wconf 84' lang='lat' dir='ltr'><strong>tium</strong></span> <span class='ocrx_word' id='word_1_184' title='bbox 287 2449 448 2506; x_wconf 89' lang='lat' dir='ltr'><strong>arbitrantur.</strong></span> <span class='ocrx_word' id='word_1_185' title='bbox 484 2452 569 2505; x_wconf 87' lang='lat' dir='ltr'><strong>Lucos</strong></span> <span class='ocrx_word' id='word_1_186' title='bbox 588 2469 618 2505; x_wconf 90' lang='lat' dir='ltr'><strong>ac</strong></span> <span class='ocrx_word' id='word_1_187' title='bbox 633 2470 737 2506; x_wconf 87' lang='lat' dir='ltr'><strong>nemora</strong></span> <span class='ocrx_word' id='word_1_188' title='bbox 755 2455 911 2513; x_wconf 85' lang='lat' dir='ltr'><strong>consecrant,</strong></span> <span class='ocrx_word' id='word_1_189' title='bbox 929 2450 988 2504; x_wconf 90' lang='lat' dir='ltr'><strong>deo·</strong></span> 
     </span>
     <span class='ocr_line' id='line_1_28' title="bbox 200 2527 987 2599; baseline 0.004 -20"><span class='ocrx_word' id='word_1_190' title='bbox 200 2543 308 2597; x_wconf 89' lang='lat' dir='ltr'><strong>rumque</strong></span> <span class='ocrx_word' id='word_1_191' title='bbox 325 2528 469 2583; x_wconf 87' lang='lat' dir='ltr'><strong>nominibus</strong></span> <span class='ocrx_word' id='word_1_192' title='bbox 487 2528 616 2598; x_wconf 87' lang='lat' dir='ltr'><strong>appellant</strong></span> <span class='ocrx_word' id='word_1_193' title='bbox 632 2533 760 2583; x_wconf 84' lang='lat' dir='ltr'><strong>secretum</strong></span> <span class='ocrx_word' id='word_1_194' title='bbox 771 2527 834 2583; x_wconf 90' lang='lat' dir='ltr'><strong>illud</strong></span> <span class='ocrx_word' id='word_1_195' title='bbox 854 2527 921 2599; x_wconf 92' lang='lat' dir='ltr'><strong>quod</strong></span> <span class='ocrx_word' id='word_1_196' title='bbox 933 2528 987 2582; x_wconf 89' lang='lat' dir='ltr'><strong>sola</strong></span> 
     </span>
     <span class='ocr_line' id='line_1_29' title="bbox 201 2604 1035 2677; baseline 0.008 -22"><span class='ocrx_word' id='word_1_197' title='bbox 201 2604 343 2658; x_wconf 84' lang='lat' dir='ltr'><strong>reverentia</strong></span> <span class='ocrx_word' id='word_1_198' title='bbox 360 2604 456 2659; x_wconf 86' lang='lat' dir='ltr'><strong>vident.</strong></span> <span class='ocrx_word' id='word_1_199' title='bbox 491 2606 614 2674; x_wconf 82' lang='lat' dir='ltr'><strong>Auspicia</strong></span> <span class='ocrx_word' id='word_1_200' title='bbox 628 2610 760 2677; x_wconf 86' lang='lat' dir='ltr'><strong>sortesque</strong></span> <span class='ocrx_word' id='word_1_201' title='bbox 777 2610 807 2659; x_wconf 86' lang='lat' dir='ltr'><strong>ut</strong></span> <span class='ocrx_word' id='word_1_202' title='bbox 824 2607 868 2676; x_wconf 86' lang='lat' dir='ltr'><strong>qui</strong></span> <span class='ocrx_word' id='word_1_203' title='bbox 879 2606 986 2659; x_wconf 85' lang='lat' dir='ltr'><strong>maxime</strong></span> <span class='ocrx_word' id='word_1_204' title='bbox 998 2608 1035 2662; x_wconf 89' lang='lat'><strong>10</strong></span> 
     </span>
     <span class='ocr_line' id='line_1_30' title="bbox 201 2678 987 2753; baseline 0.001 -21"><span class='ocrx_word' id='word_1_205' title='bbox 201 2678 344 2735; x_wconf 84' lang='lat' dir='ltr'><strong>observant.</strong></span> <span class='ocrx_word' id='word_1_206' title='bbox 379 2682 491 2736; x_wconf 81' lang='lat' dir='ltr'><strong>Sortium</strong></span> <span class='ocrx_word' id='word_1_207' title='bbox 504 2682 660 2737; x_wconf 84' lang='lat' dir='ltr'><strong>cousuetudo</strong></span> <span class='ocrx_word' id='word_1_208' title='bbox 670 2682 784 2753; x_wconf 87' lang='lat' dir='ltr'><strong>simplex.</strong></span> <span class='ocrx_word' id='word_1_209' title='bbox 820 2682 987 2752; x_wconf 81' lang='lat' dir='ltr'><strong>Virgamfru·</strong></span> 
     </span>
     <span class='ocr_line' id='line_1_31' title="bbox 202 2754 988 2829; baseline 0.003 -22"><span class='ocrx_word' id='word_1_210' title='bbox 202 2754 289 2825; x_wconf 81' lang='lat' dir='ltr'><strong>giferae</strong></span> <span class='ocrx_word' id='word_1_211' title='bbox 306 2756 389 2812; x_wconf 86' lang='lat' dir='ltr'><strong>arbori</strong></span> <span class='ocrx_word' id='word_1_212' title='bbox 412 2758 520 2814; x_wconf 88' lang='lat' dir='ltr'><strong>decisam</strong></span> <span class='ocrx_word' id='word_1_213' title='bbox 538 2759 566 2813; x_wconf 89' lang='lat' dir='ltr'><strong>in</strong></span> <span class='ocrx_word' id='word_1_214' title='bbox 589 2758 704 2814; x_wconf 88' lang='lat' dir='ltr'><strong>surculos</strong></span> <span class='ocrx_word' id='word_1_215' title='bbox 727 2762 868 2829; x_wconf 79' lang='lat' dir='ltr'><strong>amputant,</strong></span> <span class='ocrx_word' id='word_1_216' title='bbox 887 2774 988 2826; x_wconf 88' lang='lat' dir='ltr'><strong>eosque,</strong></span> 
     </span>
     <span class='ocr_line' id='line_1_32' title="bbox 202 2832 988 2905; baseline -0.001 -20"><span class='ocrx_word' id='word_1_217' title='bbox 202 2832 270 2886; x_wconf 87' lang='lat' dir='ltr'><strong>notis</strong></span> <span class='ocrx_word' id='word_1_218' title='bbox 289 2833 437 2902; x_wconf 86' lang='lat' dir='ltr'><strong>quibusdam</strong></span> <span class='ocrx_word' id='word_1_219' title='bbox 455 2836 585 2901; x_wconf 86' lang='lat' dir='ltr'><strong>discretos,</strong></span> <span class='ocrx_word' id='word_1_220' title='bbox 599 2854 677 2905; x_wconf 89' lang='lat' dir='ltr'><strong>super</strong></span> <span class='ocrx_word' id='word_1_221' title='bbox 694 2836 825 2891; x_wconf 87' lang='lat' dir='ltr'><strong>candidam</strong></span> <span class='ocrx_word' id='word_1_222' title='bbox 836 2838 933 2888; x_wconf 82' lang='lat' dir='ltr'><strong>restem</strong></span> <span class='ocrx_word' id='word_1_223' title='bbox 950 2836 988 2885; x_wconf 90' lang='lat' dir='ltr'><strong>te·</strong></span> 
     </span>
     <span class='ocr_line' id='line_1_33' title="bbox 201 2908 1014 2983; baseline 0.006 -21"><span class='ocrx_word' id='word_1_224' title='bbox 201 2926 270 2963; x_wconf 86' lang='lat' dir='ltr'><strong>mere</strong></span> <span class='ocrx_word' id='word_1_225' title='bbox 288 2927 318 2964; x_wconf 82' lang='lat' dir='ltr'><strong>ac</strong></span> <span class='ocrx_word' id='word_1_226' title='bbox 335 2910 441 2967; x_wconf 85' lang='lat' dir='ltr'><strong>fortuito</strong></span> <span class='ocrx_word' id='word_1_227' title='bbox 459 2918 591 2983; x_wconf 77' lang='lat' dir='ltr'><strong>spargunt.</strong></span> <span class='ocrx_word' id='word_1_228' title='bbox 627 2914 738 2979; x_wconf 86' lang='lat' dir='ltr'><strong>M01,ai</strong></span> <span class='ocrx_word' id='word_1_229' title='bbox 757 2912 857 2983; x_wconf 88' lang='lat' dir='ltr'><strong>publice</strong></span> <span class='ocrx_word' id='word_1_230' title='bbox 874 2908 1014 2967; x_wconf 76' lang='lat' dir='ltr'><strong>consule-²</strong></span> 
     </span>
     <span class='ocr_line' id='line_1_34' title="bbox 200 2984 989 3063; baseline 0.011 -22"><span class='ocrx_word' id='word_1_231' title='bbox 200 2990 253 3055; x_wconf 86' lang='lat' dir='ltr'><strong>tur,</strong></span> <span class='ocrx_word' id='word_1_232' title='bbox 264 2986 381 3045; x_wconf 82' lang='lat' dir='ltr'><strong>sacerdos</strong></span> <span class='ocrx_word' id='word_1_233' title='bbox 394 2989 511 3055; x_wconf 84' lang='lat' dir='ltr'><strong>civitatis,</strong></span> <span class='ocrx_word' id='word_1_234' title='bbox 525 2990 566 3047; x_wconf 82' lang='lat' dir='ltr'><strong>sin</strong></span> <span class='ocrx_word' id='word_1_235' title='bbox 583 2989 710 3061; x_wconf 75' lang='lat' dir='ltr'><strong>privatus,</strong></span> <span class='ocrx_word' id='word_1_236' title='bbox 722 2995 779 3063; x_wconf 85' lang='lat' dir='ltr'><strong>ipse</strong></span> <span class='ocrx_word' id='word_1_237' title='bbox 795 2992 868 3058; x_wconf 67' lang='lat' dir='ltr'><strong>puter</strong></span> <span class='ocrx_word' id='word_1_238' title='bbox 879 2984 989 3050; x_wconf 54' lang='lat' dir='ltr'><strong>famili&amp;</strong></span> 
     </span>
    </p>
   </div>
   <div class='ocr_carea' id='block_1_7' title="bbox 1143 2815 1145 2898">
    <p class='ocr_par' dir='ltr' id='par_1_8' title="bbox 1143 2815 1145 2898">
     <span class='ocr_line' id='line_1_35' title="bbox 1143 2815 1145 2898; baseline 0 0"><span class='ocrx_word' id='word_1_239' title='bbox 1143 2815 1145 2898; x_wconf 77' lang='lat' dir='ltr'><strong>l</strong></span> 
     </span>
    </p>
   </div>
   <div class='ocr_carea' id='block_1_8' title="bbox 0 0 1298 3592">
    <p class='ocr_par' dir='ltr' id='par_1_9' title="bbox 0 0 1298 3592">
     <span class='ocr_line' id='line_1_36' title="bbox 0 0 1298 3592; baseline 0 0"><span class='ocrx_word' id='word_1_240' title='bbox 0 0 1298 3592; x_wconf 95' lang='lat' dir='ltr'><strong> </strong></span> 
     </span>
    </p>
   </div>
  </div>
 </body>
</html>
