2575 3592
220 479 329 520 ΛΜ,
371 485 375 492 .
458 420 642 467 acarcona
660 423 729 468 1-1.
955 421 1000 468 aas

240 510 244 518 ·
271 508 277 520 ·
312 500 329 531 ·r

219 531 288 595 lator,
316 532 423 584 matrem
452 530 577 601 Agricola
603 531 631 586 in
660 529 760 602 praediis
789 529 841 584 suis
865 529 1000 597 interfecit,
1017 499 1077 582 Acili

219 607 354 678 pradiaqne
376 606 432 674 ipsa
454 612 481 661 et
503 625 618 678 magnam
648 606 792 679 patrimonii
820 611 917 676 partem
941 605 1000 660 diri-
1025 599 1069 679 ἵζ’

218 683 279 754 puit,
299 700 354 753 qua
378 700 454 736 causa
477 683 552 737 oaedis
574 683 666 738 fuerat.
714 683 799 755 Igitur
824 683 855 736 ad
881 682 1024 736 sollennia2

217 759 314 829 pietatis
334 759 464 828 profectus
484 760 610 830 Agricola,
629 759 720 814 nuntio
742 759 854 814 affectati
871 777 887 812 a
903 759 1000 828 Vespa-

217 834 284 890 siano
303 835 402 906 imperii
419 835 597 906 deprehensns,
615 854 645 892 ac
663 837 750 891 statim
766 835 795 890 in
812 839 897 907 partes
917 841 1001 890 trans-

216 931 314 985 gressas
331 917 379 968 est.
414 913 493 968 Initia
512 914 669 986 principatus
687 932 716 969 ac
737 918 833 968 statum
850 914 920 969 urbis
941 915 1025 970 Mad

216 990 299 1047 cianus
325 989 437 1060 regebat,
458 990 553 1061 juvene
581 990 715 1045 admodum
738 990 892 1056 Domitiano,
918 993 944 1044 et
968 1009 1000 1045 ex

215 1070 316 1136 patema
335 1065 439 1120 fortuna
455 1071 556 1121 tantum
573 1067 700 1122 licentiam
717 1071 864 1138 usurpante.
900 1067 929 1120 Is
941 1067 1025 1121 mis-4

215 1161 270 1196 snm
292 1141 325 1197 ad
347 1141 459 1196 delectus
487 1142 598 1214 agenms
621 1143 773 1215 Agricolam,
799 1143 947 1214 integreque
971 1161 1001 1197 ac

215 1222 315 1272 strenue
337 1223 474 1284 versatum,
498 1219 622 1274 vicesima
644 1219 747 1291 legioni,
768 1218 840 1274 tarde
863 1218 895 1273 ad
919 1237 1001 1274 sacra·

213 1300 323 1348 mentum
340 1298 511 1366 transgressa,
527 1296 672 1368 proposuit,
689 1295 733 1352 ubi
752 1295 868 1350 decessor
882 1295 1000 1350 seditiose

214 1389 287 1441 agere
306 1371 472 1426 narrabatur:
491 1371 583 1442 quippe
600 1372 691 1443 legatis
709 1390 808 1443 quoque
826 1370 999 1426 consularibus

212 1447 288 1501 nimia
304 1465 334 1501 ac
357 1447 520 1502 formidolosa
539 1452 601 1513 erat,
620 1467 667 1504 neo
689 1448 788 1520 legatus
812 1447 944 1518 praetorius
967 1447 1000 1502 ad

212 1523 377 1578 cohibendum
400 1528 498 1594 potens,
523 1525 649 1579 incertum
673 1543 719 1579 suo
743 1543 775 1579 an
797 1523 906 1578 militum
928 1523 999 1595 inge·

211 1600 261 1653 nio.
296 1600 340 1654 Ita
362 1616 492 1654 successor
515 1600 590 1655 simul
610 1603 637 1655 et
657 1600 726 1655 ultor
746 1600 850 1664 electus,
871 1599 1023 1654 rarissimae

210 1675 380 1730 moderatione
391 1675 481 1730 maluit
493 1676 573 1730 videri
584 1676 711 1732 invenisse
722 1676 801 1732 bonos
814 1695 889 1747 quam
899 1676 998 1730 fecisse·

210 1751 322 1808 Praeerat
349 1756 412 1806 tunc
434 1752 574 1807 Britannia
602 1753 706 1808 Vettius
733 1752 853 1817 Bolanus,
878 1746 1027 1822 placidius8

209 1845 284 1898 quam
302 1829 381 1883 feroci
398 1829 528 1899 provincia
543 1829 647 1898 dignum
665 1832 712 1884 eat.
749 1829 907 1900 Temperavit
923 1828 999 1900 Agri-

207 1903 264 1958 cola
275 1905 328 1958 vim
344 1923 422 1969 snam,
436 1905 600 1976 ardoremque
616 1906 780 1976 compescuit,
792 1925 824 1960 ne
839 1905 997 1970 incresceret,

206 1981 308 2051 peritus
329 1981 443 2052 obsequi,
467 1981 631 2052 emditnsque
654 1982 729 2036 utilia
750 1982 863 2036 honestis
885 1982 997 2036 miseere.

206 2058 285 2110 Brevi
302 2057 392 2112 deinde
409 2057 542 2112 Britannia
560 2058 717 2113 consularem
737 2058 857 2112 Petilium
878 2057 1022 2114 Cerialem

206 2133 314 2202 accepit.
338 2134 493 2188 Habuerunt
502 2134 611 2188 virtutes
623 2134 733 2204 spatium
745 2134 922 2204 exemplorum.
948 2133 998 2189 Sed

205 2209 291 2278 primo
308 2209 411 2264 Cerialis
429 2210 527 2265 labores
545 2210 620 2265 modo
633 2215 659 2265 et
671 2209 821 2283 discrimina,
833 2213 929 2263 moret
945 2209 999 2280 glo-

203 2284 272 2339 riam
285 2286 496 2342 communicabat:
515 2305 581 2358 saepe
592 2287 659 2357 parti
670 2285 795 2342 exercitus
807 2287 833 2340 in
845 2285 998 2356 experimen-

202 2364 273 2426 tum,
285 2361 416 2433 aliquando
424 2363 560 2434 majoribus
569 2363 647 2434 copiis
656 2381 688 2418 ex
699 2368 792 2417 eventu
803 2362 922 2433 praefecit.
941 2363 1020 2420 Neon

200 2437 329 2510 Agricola
338 2457 451 2510 unquam
463 2440 575 2494 insuam
590 2441 684 2494 famam
697 2439 776 2510 gestis
793 2439 946 2494 exsultavit:
965 2440 998 2495 ad

200 2518 338 2569 auctorem
358 2533 387 2570 ac
407 2516 504 2584 ducem,
521 2522 552 2571 nt
571 2517 694 2581 minister,
715 2515 843 2570 fortunam
862 2515 995 2571 referebat.

199 2590 248 2645 Ita
267 2591 364 2647 virtute
380 2592 408 2646 in
427 2592 595 2664 obsequendo,
613 2591 810 2648 verecundiam
829 2593 995 2664 praedicando,

198 2670 282 2722 extra
292 2668 411 2722 invidiam
422 2686 470 2724 nec
481 2673 554 2724 extra
565 2669 670 2740 gloriam
684 2671 747 2723 erat.

249 2743 435 2800 Revertentem
462 2744 495 2800 ab
521 2745 648 2817 legatione
670 2745 778 2816 legionis
802 2745 874 2800 divus
898 2745 1022 2816 Vespa-9

195 2819 293 2875 siamus
315 2821 384 2876 inter
411 2822 530 2892 patricios
553 2822 669 2891 adscivit,
693 2839 724 2876 11
748 2821 837 2877 deinde
860 2821 994 2892 provinciae
1002 2829 1065 2865 ΑΜ·

193 2897 352 2968 Aquitania
365 2899 510 2969 preposuit,
523 2898 659 2970 splendidae
670 2899 793 2969 imprimis
809 2897 939 2970 dignitatis
952 2898 994 2953 ad·
1014 2872 1060 2963 pap,

192 2973 392 3030 ministratione
411 2994 441 3032 ac
460 2995 505 3048 spe
520 2977 666 3032 consulatus
691 2975 734 3032 cui
751 2975 898 3032 destinarat.
935 2975 995 3031 (ire-
1020 2970 1052 3012 ⁷⁵·
1142 3007 1143 3015 ,
