2575 3592
187 384 189 389 ’
305 410 353 458 rm
643 408 766 457 uncum

941 470 1108 521 [anum.

284 519 407 577 tbantur.
443 520 532 576 Minor
547 521 634 575 tamen
652 539 730 593 quam
746 538 794 593 pro
809 520 925 575 tumultu
940 520 1033 589 caedes,
1049 524 1111 593 quia

305 617 357 655 non
378 598 433 653 ausi
458 597 546 671 egredi
567 597 686 670 paludem
711 598 831 653 Germani
849 599 877 653 iu
895 603 982 653 castra
1000 598 1110 654 rediere.

305 677 371 747 Ejus
391 676 472 748 praelii
490 678 597 731 eventus
620 678 762 747 utrumque
782 675 880 741 ducem,
898 674 1007 730 diversis
1033 677 1112 731 animi

306 754 425 819 motibus,
442 752 475 808 ud
493 751 673 807 maturandum
688 772 793 809 summas
809 753 846 808 rei
864 753 1002 808 discrimen
1018 755 1111 809 erexit.

285 831 393 887 roiville
416 831 513 886 instare
536 829 656 896 fortune,
682 830 789 887 Cerialis
815 829 915 885 abolere
932 830 1110 901 ignominiam.

307 908 427 964 Germani
438 906 566 979 prosperis
578 907 692 975 ferocem
705 907 836 963 nummos
845 907 928 980 pudor
939 907 1111 963 excitaverat.

307 986 368 1041 Non
384 984 452 1057 apud
463 984 584 1040 barbaros
596 989 675 1040 cantu
686 989 732 1040 aut
744 985 862 1054 clamore,
873 984 970 1040 nostris
981 1004 1031 1056 per
1047 987 1111 1041 iram

252 1063 334 1121 luet
354 1063 435 1118 minas
454 1066 520 1118 acts.
555 1062 667 1118 Postera
689 1062 747 1119 luce
761 1063 869 1119 Cerialis
887 1063 975 1135 equite
995 1067 1026 1118 et
1043 1065 1112 1119 auxi·

306 1142 385 1198 liariis
406 1141 556 1197 cohortibus
576 1141 689 1196 frontem
708 1141 809 1213 explet3
827 1142 856 1196 in
872 1141 986 1197 secunda
1005 1143 1063 1198 acie
1077 1142 1111 1197 le

307 1220 397 1291 giones
414 1219 519 1286 locatae3
539 1218 592 1274 dux
610 1218 661 1274 sibi
677 1218 790 1274 delectos
807 1218 951 1274 retinuerat
968 1218 1001 1273 ud
1017 1219 1110 1291 impru

307 1297 370 1353 visa.
407 1296 497 1353 Civilis
509 1295 577 1351 haud
589 1303 708 1367 porrecto
719 1297 821 1369 agmine
833 1296 879 1352 sed
896 1296 986 1351 cuneis
999 1296 1108 1353 adstitit.

286 1374 401 1430 2Butari
413 1374 578 1447 Gugernique
589 1374 617 1429 in
624 1373 731 1442 dextro3
750 1375 814 1430 laeva
824 1392 854 1429 ac
866 1374 986 1445 propiora
997 1375 1109 1430 fluminis

306 1452 495 1508 Transrhenani
515 1456 629 1507 tenuere.
665 1451 822 1507 Exhortatio
845 1451 941 1506 ducum
961 1469 1018 1506 non
1041 1471 1109 1507 more

307 1530 435 1586 concionis
452 1528 520 1601 apud
537 1528 678 1595 universos,
697 1528 744 1585 sed
761 1534 792 1584 ut
807 1547 924 1601 quosque
940 1547 1051 1584 snorum
1069 1530 1109 1584 ad-

308 1608 475 1664 vehebantur.
512 1606 619 1662 (lerialis
645 1610 759 1662 veterem
782 1607 893 1662 Romani
918 1606 1033 1662 nominis
1058 1608 1110 1680 glo

307 1686 379 1754 rium,
395 1686 513 1757 antiquas
530 1688 697 1757 recentesque
712 1684 848 1741 victorias:
867 1687 898 1739 ut
918 1684 1057 1755 perfidum,
1075 1686 1109 1755 ig·
1140 1709 1141 1712 ¹

307 1782 409 1829 uarum,
422 1762 519 1818 victum
537 1762 638 1818 hostem
653 1762 681 1817 in
697 1767 821 1819 aternum
838 1761 994 1830 exciderent,
1012 1763 1108 1818 ultione

286 1840 390 1912 tmagis
408 1858 484 1911 quom
501 1840 587 1910 prelio
605 1858 670 1911 opus
690 1858 753 1896 esse.
789 1840 926 1895 Pauciorss
946 1858 1034 1911 nuper
1053 1859 1108 1896 oum

308 1916 424 1989 pluribus
440 1917 560 1983 uertisse,
579 1921 712 1972 notamen
726 1918 798 1973 lusos
815 1918 963 1982 Germanos,
983 1917 1056 1989 quod
1071 1936 1108 1973 ru

309 1994 378 2051 boris
394 1994 480 2049 luerit.
518 1994 657 2065 Superesse
674 1995 720 2067 qui
736 1995 825 2067 fugam
837 1994 934 2063 snimis,
946 1994 994 2064 qui
1006 1994 1110 2050 vulnero

286 2076 384 2145 ttergo
404 2072 496 2127 ferant.
532 2072 653 2143 Proprius
674 2072 734 2127 inde
755 2072 873 2127 stimulos
895 2071 1043 2143 legionibus
1069 2073 1109 2127 ad-
1139 2067 1141 2148 l

309 2150 435 2216 movebat,
461 2149 599 2205 domitores
629 2150 771 2205 Britannia
800 2148 1039 2222 qumtudecimauos
1069 2169 1109 2221 up

310 2229 406 2301 pellens
416 2251 423 2295 ;
442 2227 583 2300 principem
600 2226 707 2282 Galbam
725 2231 806 2283 sextae
826 2226 934 2299 legionis
955 2227 1109 2282 auctoritate

310 2306 423 2373 lactum3
441 2305 486 2360 ille
505 2305 616 2377 primum
633 2304 688 2360 acie
711 2304 869 2360 secundanos
887 2321 954 2358 nova
970 2303 1050 2375 signa
1066 2323 1108 2359 uo

288 2387 418 2455 tuamque
435 2382 544 2455 aqrrilam
563 2380 700 2437 dicaturus.
737 2381 808 2437 Hinc
828 2384 974 2453 provectus
995 2381 1029 2437 ud
1050 2382 1109 2437 Ger·

310 2460 437 2515 uranicum
456 2460 596 2515 exercitum
614 2477 707 2514 manus
727 2458 857 2527 tendebnt,
876 2462 908 2513 ut
924 2476 1000 2513 suam
1020 2459 1107 2532 ripam,

311 2554 358 2591 sua
379 2540 464 2591 cestra
484 2536 608 2609 sanguiue
631 2536 745 2591 hostium
768 2539 957 2607 recuperarent.
993 2536 1109 2592 Alacrior

311 2612 424 2667 omnium
438 2612 539 2678 clamor,
556 2613 613 2685 quis
631 2613 673 2668 uel
690 2632 723 2669 ex
740 2613 817 2685 longa
835 2632 898 2685 pace
916 2612 999 2684 praelii
1017 2614 1107 2686 cupido
1138 2611 1139 2620 ’

311 2690 352 2745 rel
368 2688 442 2743 fessis
454 2688 520 2743 bello
532 2690 601 2760 pacis
618 2708 696 2755 amor,
713 2692 867 2763 praemiaque
881 2695 908 2745 et
924 2690 997 2762 quies
1015 2690 1044 2746 in
1056 2710 1107 2764 pos

266 2758 304 2820 17
311 2770 396 2821 terum
408 2764 583 2835 sperabantur.
614 2767 672 2822 Nec
684 2767 772 2822 Civilis
785 2768 902 2823 silentem
911 2767 1011 2823 struxit
1024 2770 1107 2833 aciem,

311 2841 396 2896 locum
415 2859 508 2913 pugnus
527 2846 621 2897 testem
640 2844 744 2899 virtutis
765 2846 850 2900 ciens:
870 2846 944 2900 Stare
969 2845 1106 2902 Germanos

312 2916 474 2989 Batavosque
491 2935 568 2988 super
586 2921 696 2992 vestigia
714 2921 808 2991 gloria,
828 2923 926 2977 cineres
947 2940 1059 2995 ossaque
1076 2924 1106 2978 le

291 2993 417 3063 lgiouum
428 2992 561 3049 calcantes.
597 2996 758 3070 Quocunque
775 2999 863 3054 oculos
881 3000 1016 3056 Romanus
1027 3000 1105 3057 inten-
