2575 3592
303 402 351 454 176
493 435 495 439 .
636 399 758 447 Tuom

932 460 967 521 [1
976 459 1005 499 o.
1015 460 1040 499 c.
1048 460 1098 501 aar.

301 512 408 571 oscine
420 511 513 567 edicto.
542 511 579 567 Et
591 510 726 583 prefectus
738 511 850 567 cohortis
858 528 874 566 e
882 511 965 580 victis,
975 510 1098 581 Alpinius

277 592 453 655 tMoutauus,
472 589 601 644 fortunam
617 588 730 659 partium
748 607 859 659 presens
877 587 1014 642 fatebatur.
1049 587 1100 642 Di-

302 668 371 723 versi
381 668 441 722 hinc
452 670 537 722 motus
549 665 698 721 animorum.
733 667 862 721 Auxiliare
875 665 963 732 Gallia,
976 666 1039 736 quin
1050 682 1100 719 nec

303 763 374 800 amor
387 762 469 815 neque
485 743 571 799 odium
588 742 725 814 importes,
742 744 834 798 militia
848 744 904 797 sine
921 743 1026 807 allecto,
1041 742 1101 795 hor·

302 822 418 877 tactibus
434 820 560 891 praefectis
579 820 666 875 statim
684 838 700 873 a
717 820 823 875 Vitellio
840 820 1003 875 desciscunt:
1023 822 1101 873 retus

281 898 375 955 smiles
399 896 573 952 cunctabatur.
608 896 798 967 Sed'adigente
821 895 971 953 Hordeonio
995 896 1099 960 Flacco,

303 973 458 1031 instantibus
484 972 601 1039 tribunis,
627 972 692 1046 diruit
719 978 913 1038 sacramentum,
941 991 997 1028 non
1026 973 1102 1027 vultu
1141 973 1143 988 '

303 1070 385 1123 neque
403 1051 486 1106 animo
503 1050 566 1107 satis
584 1050 727 1117 affirmana3
758 1055 785 1105 et
803 1069 862 1106 curn
877 1055 970 1106 cetera
980 1050 1053 1119 juris
1061 1051 1102 1122 ju-

303 1127 376 1184 randi
392 1127 468 1183 verba
482 1128 652 1203 conciperent,
671 1128 820 1198 Vespasiani
835 1145 928 1182 nomen
942 1127 1102 1193 haesitantes,

305 1211 350 1260 aut
361 1204 412 1259 levi
423 1222 552 1259 murmure
564 1208 591 1259 et
603 1204 751 1275 plerumque
760 1205 870 1269 silentio,
881 1203 1102 1259 transmittebant

260 1282 392 1353 32chtae
404 1280 494 1336 deinde
505 1299 552 1352 pro
568 1282 688 1335 concione
700 1281 814 1352 epistola
830 1281 936 1335 Antonii
947 1280 982 1334 nd
994 1280 1102 1336 Civilem

306 1358 461 1430 suspiciones
473 1358 583 1413 militum
594 1358 734 1423 irrihrvere,
751 1363 873 1429 tanquam
888 1357 920 1411 ad
933 1357 1036 1413 socium
1046 1378 1103 1429 par·

306 1436 372 1491 tium
394 1436 503 1509 scriptae,
526 1438 554 1489 et
583 1434 615 1489 de
639 1436 790 1491 Germanico
818 1436 933 1490 exercitu
962 1435 1102 1491 hostiliter.

285 1513 379 1581 2Mox,
398 1512 479 1567 allatis
498 1511 639 1583 Geldubam
657 1512 685 1567 iu
702 1517 787 1567 castra
802 1513 908 1577 nuntiis,
926 1513 1020 1567 eadem
1035 1513 1103 1568 dicta

308 1590 433 1661 iactaque,
443 1594 469 1645 et
481 1590 573 1644 missus
586 1608 643 1645 curu
655 1589 780 1645 mandatis
789 1590 930 1645 Montanus
942 1590 976 1644 ad
985 1590 1102 1658 Civilem,

308 1672 339 1722 ut
357 1666 492 1722 absisteret
512 1666 577 1722 bello
598 1685 662 1721 neve
681 1671 788 1722 externa
805 1667 881 1721 armis
897 1666 968 1721 111111
988 1668 1102 1722 velaret:

310 1744 334 1800 si
356 1744 542 1815 Vespasianum
563 1744 653 1814 juvare
676 1762 814 1816 aggressus
837 1744 913 1812 foret,
940 1744 1104 1800 satisfactum

287 1820 409 1891 demptis.
445 1819 488 1875 nd
507 1839 537 1875 ca
556 1820 644 1875 Civilis
662 1824 744 1892 primo
762 1820 868 1876 callide:
894 1824 954 1891 post
971 1820 1021 1876 uhi
1036 1821 1104 1876 videt

310 1896 464 1951 Montanum
476 1896 637 1967 praeferocem
646 1897 748 1969 ingenio
755 1904 922 1969 paratumque
930 1898 959 1952 in
966 1916 1011 1953 res
1019 1916 1105 1965 novas,

309 1982 507 2045 orsusaquestu
515 1974 683 2045 periculisque
691 1994 747 2046 que
756 1994 801 2046 per
808 1975 919 2046 quinque
926 1975 1107 2046 etvigintiarn-

287 2058 356 2107 tuos
368 2051 396 2107 in
408 2051 497 2106 castris
507 2050 628 2106 Romanis
638 2052 804 2117 exhausisset,
815 2055 831 2083 “
838 2053 1004 2123 Egregium,’'
1014 2053 1107 2123 inquit,
1141 2075 1143 2118 ᾗ

312 2134 329 2158 “
340 2128 450 2201 pretium
462 2128 577 2184 laborum
588 2129 680 2200 recepi,
692 2148 779 2184 necem
792 2130 879 2187 frutus
893 2133 921 2184 et
932 2129 1038 2183 vincula
1052 2148 1109 2183 mea

312 2210 339 2262 et
351 2206 505 2262 secussmrus
517 2206 593 2278 hujus
606 2207 733 2261 exercitus
749 2225 832 2272 voees,
851 2206 943 2278 qrribus
957 2206 993 2261 ad
1010 2209 1109 2278 suppli·

291 2284 380 2338 ocium
391 2284 488 2355 petitus
495 2287 556 2371 jure
568 2284 684 2355 gentium
696 2301 782 2354 poenas
799 2302 912 2355 reposco.
947 2284 1005 2339 Vos
1021 2289 1109 2339 autem

313 2360 411 2415 Treviri
428 2365 574 2431 caeteraeque
593 2360 756 2414 servientium
775 2361 872 2427 animm,
888 2359 958 2431 quod
974 2362 1109 2431 praemium

313 2436 388 2490 effusi
405 2437 482 2491 toties
501 2437 631 2508 sauguinis
649 2438 805 2507 exspectatis
823 2437 874 2491 nisi
890 2438 1020 2509 ingratum
1043 2439 1110 2492 mili·

313 2512 384 2573 tiam,
397 2514 550 2568 immortalia
560 2513 665 2579 tributa,
682 2514 774 2585 virgas,
786 2533 888 2588 secures
904 2519 931 2569 et
948 2513 1107 2579 dominorum

293 2588 434 2659 tingenia?
452 2590 493 2643 Eu
510 2608 558 2661 ego
569 2591 705 2661 prefectus
717 2592 793 2645 unius
809 2591 921 2646 cohortis
937 2595 965 2660 et
982 2591 1109 2646 Cannine-

315 2665 381 2719 fates
404 2664 553 2736 Batavique,
578 2668 670 2738 exigna
694 2668 833 2723 Galliarum
856 2668 947 2739 portio,
971 2686 1038 2739 rana
1067 2668 1110 2723 illa

316 2746 457 2797 castrorum
481 2742 563 2811 spatia
585 2744 732 2812 excidimus,
755 2745 798 2800 vel
814 2750 888 2817 septa
903 2746 972 2800 ferro
989 2745 1109 2817 fameque

316 2818 462 2888 premimus.
498 2818 615 2889 Denique
634 2839 708 2875 ausos
727 2826 772 2877 ant
789 2822 893 2878 libertas
911 2827 1041 2893 sequetur,
1064 2826 1107 2876 ant

297 2894 380 2953 tvicti
391 2894 466 2949 iidem
479 2893 597 2948 erimus.''
626 2897 669 2951 Sic
680 2916 821 2965 accensum,
830 2899 876 2954 scd
887 2899 1002 2954 molliora
1013 2900 1106 2954 referre

316 2968 416 3041 jussum
428 2970 542 3026 dimittit.
578 2970 625 3027 Ille
637 2978 668 3028 ut
678 2974 767 3031 irritus
781 2976 916 3049 legationis
927 2976 1002 3044 redit,
1015 2981 1105 3033 oeten
