2575 3592
389 367 438 418 DE
454 369 679 420 oastomavs
697 373 799 424 20-28·
942 371 992 418 ³⁰⁹

189 484 271 554 paulo
282 488 349 538 ante
361 483 457 550 tants
466 485 540 554 pians
548 485 636 540 witin
646 489 673 538 et
685 483 835 556 eloquentis
846 487 990 554 temporum

190 571 345 616 aratrorum
362 559 552 626 minutiatos,
569 567 703 633 antequem
720 565 748 617 tc
766 563 836 633 Aper
852 559 991 616 offenderet

190 643 310 708 majores
320 643 383 689 tuos
394 634 565 692 lmessendof’

225 719 244 746 ‘⁴
253 713 322 770 Non
333 713 417 776 smn,”
427 711 518 784 inquit,
530 713 664 769 “offensus
676 713 739 786 Apri
751 713 794 768 ilia
805 713 1014 784 disputatione38

191 809 253 846 nam
266 806 319 845 nec
329 807 377 843 ros
389 789 481 846 odiendi
493 789 600 856 decebit,
614 792 636 846 si
648 789 708 864 quid
724 790 791 845 iortc
807 809 880 845 aures
893 795 990 844 vestras

191 865 367 938 perstringat,
384 883 441 920 cnm
457 867 546 922 sciatis
562 867 627 922 hanc
638 885 694 922 esse
706 867 831 938 ejusmodi
846 885 988 922 sennonum

192 945 289 1016 legem,
298 941 422 1012 judicium
434 943 509 998 animi
521 944 586 998 citra
597 943 715 999 damnum
727 943 833 998 affectus
845 945 982 1015 proferre.''

220 1017 447 1090 “Pm”hqnit
458 1019 605 1076 Maternus:
623 1025 702 1076 “cum
711 1019 742 1074 de
751 1021 861 1092 antiquis
873 1021 989 1093 loquaris,
1001 1032 1016 1078 4

192 1104 274 1152 utere
289 1095 396 1166 ntique
410 1095 535 1163 libertate,
548 1115 564 1152 a
575 1115 625 1170 qna
635 1097 676 1153 vel
692 1097 772 1169 magis
784 1095 991 1169 degeneravimus

196 1191 279 1247 quarn
291 1171 326 1226 ab
337 1171 507 1244 eioqaentia'¹

228 1251 302 1306 Tnnr
319 1248 438 1314 Messala
451 1251 534 1304 “Non
550 1250 701 1316 reconditas,
714 1250 839 1316 Materne,
851 1267 940 1305 causas
952 1269 991 1304 re·
1000 1253 1039 1308 28

194 1327 288 1402 quiris,
301 1343 350 1380 ncc
361 1325 465 1382 nuttriri
477 1327 527 1397 ipsi
537 1333 583 1382 aut
594 1327 654 1382 huic
667 1327 782 1382 Secundo
793 1327 834 1382 vel
849 1327 908 1381 hnic
920 1330 991 1396 Apro

195 1407 312 1476 ignotas,
334 1403 433 1458 etiamsi
453 1403 516 1458 mihi
536 1411 623 1474 partes
643 1404 778 1475 assignatis
800 1403 944 1474 proferendi
964 1404 992 1457 in

195 1479 314 1537 medium
331 1497 387 1550 qnae
403 1497 491 1534 omues
508 1481 639 1535 sentimus.
676 1481 742 1539 Quis
761 1480 828 1534 enim
846 1479 947 1550 ignorat
964 1483 1016 1533 ett

196 1555 372 1628 eloquentiam
392 1559 419 1610 et
437 1561 541 1612 coeteras
559 1562 627 1612 artes
644 1555 780 1612 descivisse
798 1556 829 1611 ab
847 1556 890 1610 illa
904 1559 991 1610 veteru

196 1633 291 1706 gioria,
308 1649 361 1686 non
377 1632 463 1703 inopia
481 1633 616 1699 hominum,
635 1633 680 1688 sed
698 1632 794 1688 desidia
805 1633 949 1703 juventutis
965 1637 992 1686 et

196 1709 359 1782 negligentia
381 1715 513 1780 parentum
537 1715 564 1766 et
587 1711 721 1766 inscientia
743 1710 942 1781 precipientium
965 1713 992 1763 et

195 1787 328 1844 oblivione
349 1787 426 1841 moris
448 1787 565 1858 antiqui?
584 1787 650 1846 Quae
667 1787 739 1852 mals,
758 1787 867 1857 primurn
885 1786 913 1842 in
929 1786 992 1840 urba

196 1869 271 1927 nata,
287 1879 349 1916 mox
364 1881 410 1933 per
425 1863 526 1918 Italiam
543 1864 607 1928 fusa,
618 1865 671 1934 jam
687 1863 714 1919 in
729 1863 870 1935 provincius
881 1867 992 1918 manant.

198 1943 355 2010 Quanquam
373 1945 459 1994 vestra
480 1940 552 1995 robis
576 1941 675 1996 notiora
698 1945 766 1995 sunt.
802 1941 858 2011 Ego
879 1940 910 1994 de
930 1939 1017 1994 urbe&

198 2024 227 2073 et
247 2015 289 2070 his
308 2015 415 2087 propriis
436 2034 466 2071 ac
486 2016 627 2072 vernaculis
645 2017 714 2072 vitiis
731 2017 826 2087 loquar,
846 2034 902 2085 quae
919 2021 992 2070 natos
1078 2083 1081 2088 ,

199 2093 290 2148 statim
309 2093 439 2164 excipiunt
456 2097 482 2148 et
499 2111 545 2165 per
563 2093 674 2165 singulos
692 2093 774 2148 etatis
792 2091 885 2162 gradus
905 2109 992 2146 cumn·

199 2172 296 2235 lentur,
316 2169 340 2223 si
359 2169 429 2240 prins
453 2169 485 2224 de
508 2170 644 2224 severitate
667 2188 696 2224 ae
717 2169 847 2239 disciplina
868 2167 992 2238 majorum

199 2248 271 2302 circa
287 2244 429 2300 educandos
441 2245 636 2316 formandosque
652 2246 742 2300 liberos
754 2262 834 2316 pauca
845 2243 991 2316 praedixero.

199 2325 217 2380 J
218 2340 261 2378 am
273 2321 382 2394 primurn
395 2341 457 2377 suns
469 2323 560 2393 cuique
578 2322 652 2387 filius,
664 2341 695 2376 er
706 2327 777 2377 casta
790 2325 893 2391 parente
908 2324 1018 2385 natust

199 2418 255 2456 non
265 2399 293 2453 in
304 2398 367 2454 ceila
378 2404 469 2470 empta
485 2398 600 2464 nutricis,
613 2399 658 2454 sed
674 2399 769 2470 gremio
785 2415 814 2452 ao
832 2398 890 2452 sinn
906 2397 993 2452 matris

200 2473 365 2539 educabatur,
384 2479 458 2544 cqius
477 2476 602 2546 praecipua
617 2475 673 2530 lans
690 2478 745 2529 erat
762 2473 830 2529 tueri
847 2473 949 2529 domum
967 2479 993 2528 et

200 2550 326 2611 inservire
340 2551 434 2607 liberis.
470 2551 619 2622 diligebatur
633 2555 719 2606 antem
734 2554 815 2620 major
831 2551 915 2622 aliqua
932 2555 1017 2609 nstuo

201 2628 352 2701 propinqua,
370 2628 444 2697 cnjus
463 2627 577 2698 probatis
593 2627 763 2699 spectatisque
781 2628 894 2683 moribus
912 2627 993 2681 omnis

202 2703 317 2776 ejusdem
340 2704 441 2760 familie
464 2703 566 2759 suboles
590 2705 791 2759 committeretur
798 2727 806 2771 ;
837 2722 920 2758 coram
944 2721 994 2774 qua

202 2799 286 2852 neque
307 2779 389 2835 dicere
407 2781 445 2835 fas
463 2785 519 2835 erat
537 2781 605 2852 qnod
621 2786 698 2851 turpe
715 2780 793 2845 dictu,
812 2797 893 2850 neque
911 2779 994 2834 iacere

203 2857 273 2930 quod
284 2857 443 2912 inhonestum
456 2859 528 2912 factu
539 2857 675 2912 rideretur.
711 2859 812 2912 Annon
824 2854 909 2910 studia
921 2855 1017 2910 modot
1036 2879 1040 2912 z

203 2951 336 3005 unusque,
359 2933 404 2988 sed
426 2934 588 2990 amissiones
614 2933 692 2992 eiiam
713 2933 835 3004 lususque
859 2949 991 3004 puerorun
