2575 3592
1147 297 1148 340 l

317 407 348 458 70
652 408 772 456 TACITI
1147 439 1148 492 p

943 472 978 520 [e.
988 471 1016 510 u.
1026 471 1049 510 u.
1060 472 1107 512 era.

314 522 342 574 et
362 519 490 590 populum,
507 537 636 591 nunquam
654 519 761 575 obscura
777 520 886 584 nomina,
905 521 954 590 etsi
971 519 1109 592 aliquando
1147 569 1148 594 ,

314 595 512 663 obumbrantur;
529 597 643 667 publicas
659 598 820 668 privatasque
836 616 897 668 opes
914 602 940 653 et
957 598 1108 668 immensam
1147 627 1148 638 π

314 674 454 744 pecuniam,
478 674 545 728 iuter
568 674 654 729 civiles
684 674 820 729 discordias
844 675 912 730 ferro
941 675 1108 740 validiorem

292 758 420 822 tcorpora
430 751 538 806 militum
550 757 595 806 aut
607 751 689 806 Italiae
702 757 826 807 suetaaut
834 753 945 808 estibus.
982 753 1109 824 Objacere

314 829 409 882 flumen
425 828 533 893 Padum,
550 833 620 884 tutas
638 829 700 884 viris
717 830 846 900 murisque
864 829 955 896 urbes;
975 849 989 885 e
1013 831 1108 902 quibus

314 905 407 959 nullam
420 905 488 960 hosti
500 924 626 960 cessuram
638 905 775 962 Placentiae
785 905 930 960 defensione
937 907 1107 977 exploratum.

291 982 425 1037 6Proinde
442 983 547 1037 duceret
565 982 666 1038 bellum.
701 983 794 1038 Paucis
812 983 902 1038 diebus
923 989 1041 1054 quartam
1065 985 1107 1040 de-

313 1059 403 1113 cimam
423 1059 556 1131 legionem,
579 1079 671 1132 magua
694 1061 774 1131 ipsam
797 1061 871 1126 fama,
894 1080 952 1116 cnm
975 1061 1107 1116 Moesiacis
1147 1101 1148 1108 .

312 1137 391 1206 copiis
404 1138 495 1192 affore:
513 1141 569 1192 turn
580 1157 670 1192 rursus
686 1137 890 1207 deliberaturum,
903 1144 937 1204 et,
952 1138 973 1194 si
989 1139 1107 1209 praelium
1147 1143 1148 1154 ²

268 1224 305 1277 33
312 1214 455 1284 placuisset,
471 1215 552 1269 auctis
567 1215 663 1270 viribus
681 1217 848 1270 certaturos’'
884 1215 1029 1271 Accedebat
1047 1235 1106 1272 sen·
1147 1199 1148 1284 l

312 1291 399 1346 tentiae
421 1291 523 1346 Paulini
545 1291 644 1348 Marius
670 1292 774 1358 Celsus;
805 1292 870 1347 idem
896 1293 994 1362 placere
1017 1294 1105 1348 Annio
1147 1297 1148 1308 ¹

312 1369 391 1433 Gallo,
410 1387 505 1440 paucos
523 1377 583 1423 autc
600 1369 654 1423 dies
672 1369 745 1440 lapsu
768 1369 827 1440 equi
851 1370 949 1434 afflicto,
969 1369 1041 1424 missi
1060 1371 1106 1441 qui
1147 1429 1148 1452 Χ

288 1446 441 1500 2cousilinur
451 1446 514 1517 ejus
531 1446 721 1500 sciscitarentur
738 1446 884 1500 retulerant.
921 1447 990 1501 Otho
1007 1466 1104 1518 pronus

310 1522 343 1576 ad
363 1523 558 1590 decertandum
585 1523 665 1578 frater
689 1523 744 1593 ejus
768 1523 891 1588 Titianus,
916 1529 942 1578 et
966 1525 1105 1595 prefectus

309 1600 422 1671 pretorii
437 1600 570 1664 Proculus,
588 1601 716 1671 imperitia
732 1605 905 1671 properantes,
925 1601 1055 1656 fomuuam
1077 1606 1104 1656 et

309 1676 370 1732 deos
387 1682 415 1732 et
431 1697 526 1732 numen
543 1678 652 1732 Othonis
671 1677 759 1732 adesse
777 1678 893 1742 consiliis,
912 1679 989 1734 affore
1006 1680 1103 1734 conati·
1147 1705 1148 1708 ¹

286 1753 356 1811 alius
373 1755 542 1810 testabantur.
578 1756 638 1810 Neu
657 1755 713 1826 quis
731 1755 829 1810 obviam
848 1756 885 1810 irc
903 1756 1036 1811 sententiae
1057 1775 1104 1811 au-

309 1829 608 1894 deret,inadulationem
619 1837 803 1887 concesserant.
840 1833 980 1904 Postquam
992 1834 1104 1904 pugnari
1147 1889 1148 1896 ,

307 1907 436 1976 placitum,
467 1909 589 1964 interesse
618 1927 712 1979 pugna
742 1909 920 1980 imperatorem
950 1928 982 1964 au
1012 1911 1104 1982 seponi

285 1985 397 2040 amelius
416 1985 482 2040 foret
506 1985 660 2040 dubitavere.
696 1986 803 2040 Paulino
827 1990 854 2040 et
878 1986 952 2040 Celso
972 1987 1026 2057 jam
1049 2007 1103 2042 non

307 2060 508 2126 advocantibus,
520 2081 553 2117 ne
564 2063 703 2134 principem
715 2063 842 2133 objectare
856 2063 973 2132 periculis
986 2063 1104 2120 videren-

306 2143 357 2204 tnr,
376 2139 451 2194 iidem
468 2139 505 2194 illi
522 2140 654 2195 deterioris
670 2141 768 2195 consilii
783 2146 899 2196 auctores
916 2139 1048 2212 perpulere
1069 2145 1101 2198 ut

306 2217 445 2272 Brixellum
463 2217 619 2282 comederet,
638 2236 675 2282 ac,
695 2217 783 2291 dubiis
796 2217 937 2288 praeliorum
955 2223 1100 2290 exemptus,

284 2299 411 2350 tsummue
433 2314 517 2349 rerum
542 2299 569 2350 et
591 2294 691 2365 imperii
714 2313 741 2349 se
766 2295 848 2363 ipsum
873 2301 1021 2350 reservaret.
1070 2297 1100 2352 Is

305 2372 402 2442 primns
425 2372 479 2426 dies
508 2372 666 2426 Othonianas
690 2375 776 2443 partes
798 2372 894 2426 afflixit.
930 2372 1049 2442 Namque
1074 2382 1102 2428 et

306 2448 430 2519 cumipse
442 2449 617 2519 praetoriarum
628 2449 770 2503 cohortium
786 2452 813 2503 et
829 2449 1015 2520 speculatorum
1030 2451 1102 2520 equi·

305 2528 411 2595 tumque
423 2525 505 2579 valida
515 2544 605 2580 manus
618 2525 742 2590 discessit,
756 2530 783 2580 et
800 2526 984 2580 remanentium
1000 2525 1101 2582 fractus

305 2602 412 2667 ammua
428 2602 528 2673 quaudo
545 2603 659 2673 suspecti
676 2603 762 2666 duces,
779 2606 806 2658 et
822 2602 899 2668 Otho,
917 2603 959 2658 cui
973 2602 1017 2658 uui
1030 2604 1101 2673 apud

305 2679 412 2741 militem
432 2678 502 2742 fides,
525 2679 586 2733 dum
608 2684 636 2734 et
659 2680 714 2750 ipse
738 2680 839 2736 nonnisi
861 2679 984 2734 militibus
1008 2681 1100 2748 credit,

304 2756 410 2826 imperia
421 2755 513 2810 ducum
525 2760 551 2810 in
562 2756 658 2810 incerto
671 2755 812 2827 reliquerat.

262 2839 299 2892 34
341 2833 413 2887 Nihil
428 2851 516 2888 eorum
531 2832 683 2888 Vitellianos
699 2833 810 2898 fallebat,
828 2832 930 2900 crebris,
944 2836 975 2887 ut
990 2833 1099 2890 incivili

305 2908 379 2974 bello,
396 2909 562 2980 mansingiis:
581 2913 608 2963 et
625 2910 805 2980 exploratores,
821 2929 883 2965 cura
897 2909 997 2966 divorsa
1013 2911 1099 2967 scisci-

284 2987 385 3054 atandi,
397 3006 444 3042 sua
461 3005 512 3042 uon
526 2986 695 3042 occultabant.
732 2988 821 3048 Quieti
833 2987 978 3058 intentiquo
995 2988 1099 3044 Caecina
