2575 3592
303 387 349 434 206
635 385 756 432 TACITI

938 447 974 494 [A.
982 446 1010 485 U.
1016 446 1042 485 C.
1048 444 1093 486 828.

302 497 396 553 nostrie
416 496 572 568 praesidetis:
590 496 640 567 ipsi
661 497 707 551 has
729 496 840 568 aliasque
862 494 1006 566 pmriuoias
1025 497 1095 566 regi-

303 574 345 629 tis.
375 575 446 629 Nilril
458 578 600 646 separatum
613 574 767 629 clausumve
796 575 832 629 Et
847 572 1008 628 budatorum
1018 572 1095 626 Prin-
1137 579 1138 582 ’

304 652 388 722 cipum
402 671 463 707 usus
479 670 511 706 ex
528 669 607 722 aequo,
625 652 739 723 quemvis
755 650 845 722 procul
861 649 1013 721 agentibus:
1033 650 1096 703 saevi

282 728 424 799 eproximis
439 728 570 799 ingruunt.
607 728 743 787 Quomodo
759 728 926 794 sterilitatem,
938 729 985 781 aut
1002 725 1095 779 nimios
1137 725 1139 790 l

303 806 396 861 imbres
417 809 443 860 et
462 810 554 860 cetere
572 809 670 860 nature
693 805 765 867 mala,
785 806 823 860 ita
840 805 928 859 luxum
948 802 991 857 vel
1013 803 1096 856 averi-

303 882 366 937 tiam
386 882 568 937 dominantium
591 881 706 937 tolerate.
742 882 815 937 Vitio
836 885 920 949 eruunt,
944 879 1027 934 donec
1049 879 1096 933 bo-

303 960 397 1013 mines:
411 958 456 1014 sed
467 978 549 1029 neque
560 960 614 1014 baec
626 960 752 1024 continue,
765 964 793 1014 et
804 958 935 1013 meliorum
946 957 1095 1012 interuentu

281 1040 449 1107 epensantur.
499 1036 558 1091 Nisi
581 1036 657 1101 forte,
679 1036 776 1091 Tutore
800 1040 827 1090 et
850 1034 963 1090 Classico
987 1050 1094 1105 regnau-

303 1112 381 1178 tibus,
400 1112 553 1168 moderatius
576 1112 710 1185 imperium
727 1113 850 1183 speratis:
876 1118 921 1166 aut
943 1110 1093 1173 minoribus,
1137 1111 1138 1152 l

304 1208 379 1261 quam
396 1208 470 1255 nune,
488 1190 590 1245 tributis
602 1190 760 1261 parabuntur
774 1189 908 1253 exercitus,
926 1188 1020 1259 quibus
1033 1188 1094 1242 Ger·
1137 1157 1139 1300 p

303 1266 371 1321 meni
395 1267 562 1338 Britannique
582 1271 723 1322 arceantur.
759 1267 827 1321 Nam
849 1265 929 1337 pulsis
949 1264 1032 1336 (quod
1051 1265 1095 1319 Dii

303 1342 472 1413 prohibeant)
489 1344 618 1409 Romanis,
636 1344 697 1415 qnid
715 1343 789 1409 alind,
809 1361 883 1414 quam
898 1341 966 1396 belle
980 1342 1094 1395 omnium

280 1419 371 1475 tinter
389 1439 417 1475 se
441 1420 555 1491 gentium
572 1420 720 1476 exsistenti
738 1420 950 1491 Ootingentorum
969 1436 1094 1472 annorum

303 1496 407 1551 fortune
422 1497 603 1569 disciplinaque
619 1516 752 1569 compages
768 1497 823 1552 hee
838 1496 940 1563 coaluit,
961 1498 1026 1566 qnae‘
1037 1513 1094 1549 oon·
1137 1553 1138 1572 γ

304 1574 370 1639 velli,
382 1574 436 1629 sine
448 1574 525 1629 exitio
538 1574 740 1639 convellentium,
756 1591 809 1628 non
824 1576 916 1644 potest.
953 1570 1005 1625 Sed
1022 1572 1095 1625 robis
1137 1583 1139 1704 p

303 1650 440 1705 mammem
456 1650 597 1717 diacrimm
615 1668 692 1722 penes
709 1669 772 1722 quos
784 1668 873 1704 aurum
884 1653 911 1703 et
922 1665 992 1718 opes,
1005 1648 1094 1718 praeci-
1137 1717 1138 1720 Ἰ

282 1735 362 1797 epure
373 1726 495 1782 bellorum
510 1745 600 1783 cause.
636 1727 746 1783 Proinde
761 1745 849 1798 paoem
864 1729 891 1781 et
904 1724 1001 1789 urbem,
1018 1743 1095 1795 quem

303 1804 366 1859 vieti
382 1804 543 1877 victoresque
560 1803 650 1859 eodem
657 1808 724 1875 jere,
741 1804 891 1868 obtinemus,
904 1805 994 1865 amate,
1008 1802 1094 1856 colite.

304 1880 427 1935 Moneant
447 1898 493 1935 vos
513 1880 650 1953 utriusque
672 1881 782 1936 fortune
805 1880 964 1941 documenta,
981 1896 1017 1931 ne
1036 1896 1097 1932 oon-

304 1956 439 2012 tumaciam
454 1975 512 2013 cum
528 1958 646 2028 pernicie,
665 1976 741 2030 qnam
757 1957 905 2029 obsequium
920 1974 979 2014 cum
998 1956 1097 2009 secum-
1137 1971 1138 1990 ¹

304 2038 365 2099 tute,
378 2034 497 2089 malitis.”
532 2034 588 2089 Tali
605 2035 720 2090 cretione
738 2035 855 2107 graviora
867 2034 1012 2088 metuentes
1030 2050 1097 2089 com·
1137 2011 1139 2126 i

304 2111 390 2183 posuit
402 2111 539 2184 erexitque.

262 2183 298 2242 75
339 2188 501 2245 Tenebantur
514 2188 610 2245 victore
628 2188 743 2244 exercitu
760 2188 871 2253 'l‘reveri
888 2206 945 2243 eum
963 2190 1057 2247 Civilis
1071 2194 1097 2245 et

306 2266 433 2322 Classicus
451 2266 542 2322 misere
562 2266 683 2336 epistolas
706 2266 739 2321 ad
762 2266 890 2334 Cerialem,
909 2284 1021 2337 querum
1043 2269 1097 2323 baec

284 2344 432 2397 2sententia
449 2344 507 2397 fuit.
544 2342 759 2414 “Vespasianmn,
778 2360 920 2414 quanquam
934 2346 1044 2401 nuutios
1054 2364 1097 2400 oc

306 2419 440 2487 eniterent,
448 2420 586 2475 excessisse
594 2420 655 2475 vita
691 2420 789 2476 Urbem
800 2420 1097 2491 atqueItaliaminteruo

279 2512 281 2515 ·
306 2495 372 2551 bello
385 2500 567 2569 consumptam.
602 2497 718 2553 Muciani
728 2515 759 2553 ae
769 2497 908 2552 Domitiani
922 2516 988 2553 vana
1001 2502 1031 2555 et
1042 2500 1097 2554 sine

306 2571 401 2627 viribus
418 2573 526 2627 nomina.
563 2574 591 2628 Si
605 2574 707 2629 Cerialis
720 2574 854 2646 imperium
870 2574 1010 2630 Galliarum
1025 2576 1095 2641 uelit,

305 2648 374 2719 ipsos
392 2648 485 2702 finibus
501 2648 633 2705 civitatum
651 2670 754 2705 suarum
770 2655 920 2717 contentos3
938 2652 962 2706 ei
978 2652 1097 2722 proelinm

286 2724 384 2789 emolit,
396 2742 429 2777 ne
440 2722 467 2777 id
479 2724 578 2793 quidem
590 2727 725 2783 abnuere.’'
759 2728 803 2783 Ad
813 2747 844 2783 ea
855 2728 960 2783 Cerialis
977 2729 1055 2784 Civili
1070 2736 1096 2783 et

308 2800 420 2854 Classico
439 2798 517 2853 nihile
541 2818 606 2869 enm,
626 2804 670 2873 qni
689 2804 811 2859 attulerat
830 2805 898 2875 ipsas
916 2804 1047 2875 epistolas,
1064 2805 1096 2859 ad

306 2876 480 2931 Domitianum
502 2874 579 2930 misit.
620 2879 726 2945 Hostes,
750 2881 837 2936 divion
860 2881 946 2952 copiis,
971 2881 1096 2937 advenere

309 2948 427 3020 undique.
463 2949 580 3022 Plerique
597 2954 733 3025 culpabant
749 2956 880 3024 Cerialem,
897 2959 1094 3030 paesumjungb
