2575 3592
394 420 444 468 DE
461 419 687 468 ouanonlnus
704 421 807 470 ³2—84.
956 424 1004 471 stc

211 533 343 606 percipere
354 537 395 589 tot
411 533 553 589 reconditas
571 537 616 586 aut
632 536 686 587 tarn
698 531 779 587 varias
797 549 837 587 res
849 535 942 604 potest,
953 534 1003 589 nisi

210 617 243 666 nt
255 612 367 667 scientias
378 611 518 676 meditatio,
531 609 691 664 meditationi
709 609 823 674 facultas,
836 609 952 664 facultati
963 611 1002 666 ris

209 689 362 759 eloquentie
379 688 491 742 ccoedct.
526 688 578 742 Per
597 705 654 758 quar
672 687 807 758 colligitur,
825 685 929 741 eandem
946 705 1001 742 essa

209 765 336 820 rationem
356 777 383 820 et
403 764 559 836 percipiendi
582 763 650 834 quod
670 765 791 835 proferas,
810 770 837 818 et
857 764 1011 836 proterendi¹

209 860 268 913 quse
286 843 435 914 perceperis.
472 841 522 896 Sed
540 841 621 895 sicui
638 841 787 896 obscuriore
802 841 856 898 haec
872 840 1023 906 videntne

208 919 283 990 isque
305 919 435 973 scientim
460 919 492 972 sb
515 918 696 973 exercitatione
721 924 829 988 separat,
850 917 912 972 illud
931 923 1000 973 certe

208 995 339 1061 concedet,
360 996 515 1050 instructum
536 1002 564 1050 et
583 995 687 1064 plenum
707 994 748 1049 his
772 995 869 1050 artibus
890 995 1000 1049 animum

207 1072 284 1144 longe
302 1073 453 1144 paratiorem
472 1071 504 1126 sd
522 1089 565 1126 eas
583 1071 776 1126 exercitationes
789 1077 931 1138 venturum,
944 1089 1000 1144 quae

207 1149 318 1220 proprie
329 1157 458 1203 oratorum
471 1147 597 1203 videntur.

244 1227 336 1297 “Ergo
352 1225 419 1298 apud
434 1225 541 1294 majores
557 1229 658 1278 nostros
673 1223 774 1294 juvenis
788 1224 830 1279 ille
842 1225 887 1296 qui
903 1225 959 1280 foro
972 1229 998 1280 et
1007 1229 1044 1287 84

206 1301 358 1373 eloquentie
381 1302 524 1374 parebatur,
548 1301 662 1355 imbutus
684 1303 737 1372 jam
761 1301 898 1356 domestica
921 1301 996 1356 disci·

206 1380 284 1451 plina,
308 1382 417 1437 refertus
440 1381 554 1435 honestis
577 1379 678 1447 studiis,
696 1379 866 1435 deducebatur
887 1399 903 1434 a
925 1387 998 1450 patre

205 1457 249 1512 vel
272 1477 287 1512 a
309 1459 458 1530 propinquis
476 1458 509 1512 cd
526 1475 583 1512 eum
602 1466 727 1511 oratorem
747 1458 791 1528 qui
808 1457 945 1528 principem
970 1457 996 1512 iu

205 1534 310 1590 civitate
322 1535 405 1590 locum
417 1534 555 1589 obtinebat.
591 1534 670 1588 Hunc
682 1534 780 1600 sectari,
793 1534 860 1588 hunc
872 1534 1020 1604 prosequi,2

204 1611 284 1682 hujus
296 1612 412 1667 omnibus
424 1611 577 1666 dictionibus
588 1610 712 1664 interesse
729 1611 781 1665 sire
793 1611 820 1664 in
830 1609 931 1681 judiciis
943 1609 996 1666 sive

204 1689 233 1743 in
246 1689 408 1744 concionibus
423 1687 591 1752 assuescebat,
604 1687 642 1741 ita
659 1691 689 1741 ut
705 1687 880 1742 altercationes
896 1705 996 1760 quoque

203 1765 333 1834 exciperet
349 1772 375 1820 et
390 1765 482 1837 jurgiis
498 1764 641 1827 interesset,
653 1768 733 1836 utque
751 1764 787 1819 sic
804 1763 919 1829 dixerim,
932 1783 996 1836 pug·
1040 1781 1042 1786 ’

202 1859 267 1898 nare
278 1843 304 1896 in
316 1843 402 1913 prelio
414 1843 529 1897 disceret.
566 1842 677 1912 Magnus
694 1859 725 1896 ex
737 1841 785 1896 hoo
804 1861 864 1896 usus
876 1841 1019 1900 multum-³

204 1937 255 1990 que
268 1920 424 1986 constantie,
437 1919 571 1990 plurimum
582 1917 671 1989 judicii
680 1917 816 1987 juvenibus
833 1923 857 1974 st
936 1937 995 1974 oon-

203 1995 329 2065 tingebat,
346 1996 373 2050 in
394 1995 475 2050 media
499 1995 555 2050 luce
576 1994 738 2049 studentibus
762 1999 838 2066 atque
910 1995 994 2066 ripsa

204 2071 356 2137 discrimina,
379 2072 423 2126 ubi
441 2089 515 2127 nemo
535 2072 637 2142 impune
657 2070 736 2124 stulte
756 2071 850 2141 aliquid
870 2077 914 2124 aut
934 2078 1012 2125 oon-'

202 2148 281 2201 trerie
294 2147 362 2214 dicit,
376 2167 426 2218 quo
442 2149 526 2202 minus
540 2152 567 2201 et
579 2147 661 2216 judex
673 2153 776 2217 respuat
792 2153 818 2200 et
835 2147 992 2202 adversarius

202 2224 347 2293 exprobret,
367 2226 415 2296 ipsi
439 2225 546 2295 denique
564 2223 679 2277 cdvocsti
697 2228 871 2294 aspernentur.
907 2223 1016 2294 Igitur4

201 2319 263 2355 vera
280 2303 368 2356 statim
386 2307 412 2356 et
430 2304 577 2371 incorrupta
594 2300 736 2371 eloquentia
753 2299 945 2366 imbuebantur3
964 2306 990 2356 et

201 2396 346 2449 quanquam
365 2398 443 2433 unum
465 2383 638 2448 sequerentur,
659 2383 745 2430 tamen
768 2393 854 2430 omnes
878 2377 991 2446 ejusdem

200 2455 285 2509 aetatis
303 2462 423 2526 patronos
441 2456 467 2509 in
485 2454 599 2524 plurimis
618 2457 644 2507 et
662 2454 744 2508 causis
765 2459 791 2508 et
806 2453 908 2524 judiciis
932 2473 991 2527 cog·

199 2531 356 2598 noscebant;
374 2532 548 2602 habebantque
564 2530 644 2600 ipsius
662 2529 748 2600 populi
766 2529 990 2586 diversissimarum
1016 2533 1017 2540 ’

199 2609 299 2662 curium
317 2609 422 2679 eopiem,
442 2627 473 2664 ex
491 2627 541 2680 qua
560 2607 633 2662 facile
652 2606 867 2677 deprehenderent
886 2607 945 2678 quid
962 2609 990 2664 iu

199 2703 301 2757 quoquc
321 2686 362 2740 vel
382 2687 531 2756 probaretur
550 2684 590 2739 vel
610 2683 762 2752 displiceret.
799 2685 842 2738 Its
861 2701 907 2739 nec
928 2697 1013 2756 prae-5

199 2768 288 2833 ceptor
311 2761 406 2828 deerat,
431 2763 542 2833 optimus
566 2760 667 2832 quidem
691 2765 718 2814 et
745 2761 919 2826 electissimus,
944 2763 989 2832 qui

198 2847 289 2900 faciem
310 2847 467 2918 eloquentie,
486 2865 537 2900 non
557 2844 692 2915 imaginem
712 2851 862 2914 praestaret;
879 2863 927 2900 nec
947 2845 989 2901 sd·

198 2922 303 2977 versarii
322 2929 348 2978 et
367 2924 451 2978 emuli
474 2924 549 2987 ferro,
570 2941 622 2976 non
641 2920 747 2975 rudibus
769 2921 924 2990 dimicantes,
944 2922 987 2978 sed

197 2999 352 3056 auditorium
370 3019 470 3072 semper
487 3000 596 3071 plenum,
612 3015 712 3068 semper
729 3015 831 3062 novum,
847 3016 879 3054 ex
895 2997 983 3056 inridir
