2575 3592
296 422 343 470 800
612 422 760 470 TACITUS

263 529 289 584 ,8
332 531 421 586 “Hec
437 531 495 586 ideo
512 531 626 603 praedixi,
641 537 673 588 ut
692 534 721 601 si,
739 551 789 605 qua
804 551 836 588 cx
851 533 940 587 horum
955 537 1085 590 oratorum

296 608 363 662 lama
378 608 505 680 gloriaque
521 609 576 663 laus
592 609 747 680 temporibus
764 610 908 682 acquiritur,
920 609 1024 664 eandem
1040 611 1086 666 do-

296 703 379 739 ocrem
394 685 421 739 iu
431 685 515 740 medio
530 685 604 739 sitam
621 692 648 741 ct
661 687 800 757 propiorem
818 687 890 741 uobis
907 705 982 758 quam
998 687 1085 741 Servio

297 761 383 816 Galba
395 766 439 815 aut
455 761 515 816 Caio
531 761 640 816 Carboni
657 781 769 834 quosque
785 763 846 818 alios
862 763 951 840 merito
968 763 1086 833 antiquos

296 838 475 894 vocaverimus.
512 838 577 892 Sunt
588 840 655 894 cuim
668 840 762 894 horridi
773 845 799 894 et
811 839 918 910 impohti
934 849 960 893 et
971 839 1046 894 rudos
1058 846 1087 894 et
1143 891 1144 904 ἶ

297 914 423 979 informes,
445 918 471 969 et
492 933 555 985 quos
578 917 676 972 utinam
696 915 764 970 nulla
787 921 859 987 parte
879 916 994 970 imitatus
1017 926 1086 970 esset
1143 911 1144 916 ’

275 989 391 1046 hCalvus
404 996 487 1045 vester
498 995 543 1045 aut
560 992 650 1047 Calius
663 997 707 1046 aut
721 993 774 1063 ipse
791 993 885 1047 Cicero.
920 994 1003 1063 Agere
1020 992 1086 1046 euim
1143 989 1144 996 ’

297 1068 389 1122 fortius
403 1067 456 1138 jam
473 1071 500 1122 et
516 1067 650 1124 audentius
667 1069 731 1134 volo,
749 1069 771 1124 si
786 1068 848 1123 illud
865 1072 923 1122 autc
940 1069 1085 1139 praedixero,

293 1142 390 1199 'mutari
408 1161 466 1198 cum
484 1144 640 1214 temporibus
661 1145 753 1200 formas
772 1163 871 1217 quoque
890 1151 916 1199 et
937 1163 1029 1216 genera
1047 1146 1087 1199 di-

297 1219 378 1276 cendi.
414 1220 457 1275 Sic
469 1221 561 1275 Catoni
571 1222 627 1276 seni
637 1227 797 1293 comparatus
810 1222 839 1277 C.
851 1222 979 1277 Gracchus
991 1222 1088 1293 plenior

297 1303 325 1352 et
341 1297 459 1362 uberior3
483 1298 521 1352 sic
538 1298 653 1354 Graccho
670 1299 771 1370 politior
788 1303 814 1353 et
832 1299 944 1353 ornatior
962 1299 1087 1364 Crassus3

298 1374 335 1429 sic
354 1379 462 1446 utroque
485 1373 627 1430 distinctior
651 1381 677 1430 et
700 1375 821 1430 urbanior
843 1379 869 1430 et
893 1375 966 1430 altior
989 1375 1086 1440 Cicero,

298 1451 420 1506 Cicerone
433 1451 518 1505 mitior
533 1451 659 1506 Corvinus
672 1456 698 1507 et
715 1452 810 1507 dulcior
826 1456 852 1508 et
869 1451 989 1506 inverbis
1006 1453 1087 1523 magis

275 1527 449 1583 delabomtus.
479 1528 535 1582 Nec
547 1547 638 1599 quaero,
650 1529 705 1600 quis
714 1528 906 1584 disertissimus:
925 1529 973 1582 lroc
985 1529 1087 1584 interim

299 1605 417 1675 probisse
440 1609 574 1659 contentus
597 1625 662 1670 sum,
684 1624 736 1660 nou
758 1623 813 1660 esse
836 1624 914 1660 unum
938 1605 1088 1677 eloquentiae

298 1680 404 1747 vultum,
417 1681 461 1736 sed
472 1682 500 1736 in
514 1681 564 1736 illis
576 1700 676 1753 quoque
688 1700 750 1752 quos
767 1682 861 1736 vocatis
874 1681 990 1753 antiquos
1002 1683 1087 1752 plures

299 1761 395 1827 species
411 1756 578 1828 deprehendi;
602 1777 650 1813 nec
666 1759 752 1813 statim
768 1757 879 1812 deterius
895 1776 957 1822 esse,
971 1758 1038 1830 quod
1050 1759 1089 1814 di.

294 1851 404 1889 uersum
419 1838 473 1899 cst3
500 1833 563 1888 vitio
581 1838 666 1889 autem
687 1834 850 1905 malignitatis
870 1834 984 1889 humanm
1002 1843 1089 1890 vetera

274 1919 396 1980 ascurpcr
407 1909 434 1963 iu
445 1909 525 1974 laude,
538 1911 672 1980 prasentia
682 1911 709 1964 in
720 1911 822 1965 fastidio
836 1929 897 1965 esse.
934 1911 1003 1965 Num
1015 1911 1089 1965 dubi-

298 1990 381 2040 tamus
398 1985 522 2049 iuventos,
536 1986 579 2056 qui
590 2005 642 2056 prm
658 1987 753 2041 Catone
765 1987 876 2057 Appium
891 1987 991 2042 Crocum
1006 1989 1088 2058 magis

298 2061 468 2117 mirarentur?
495 2061 563 2117 Satis
579 2067 727 2117 constetne
744 2063 859 2118 Ciceroni
874 2063 974 2133 quidem
989 2063 1089 2118 obtrec-

297 2143 395 2194 tatores
416 2138 534 2204 defuisse,
556 2139 648 2210 quibus
668 2139 771 2194 inflatus
791 2145 818 2194 et
837 2145 938 2194 tumens
958 2158 1005 2195 nec
1025 2140 1089 2196 satis

298 2233 408 2286 pressus,
426 2215 471 2270 scd
487 2234 565 2286 supra
580 2215 682 2272 modum
698 2217 826 2271 exsultans
844 2222 870 2271 et
888 2217 1045 2287 supertlueus
1061 2224 1089 2272 ct

274 2299 387 2362 sparum
403 2292 505 2346 Atticus
523 2292 659 2348 rideretur.
694 2293 805 2365 Legistis
822 2293 913 2363 utique
932 2298 959 2348 et
976 2293 1046 2348 Calvi
1061 2301 1090 2349 et

299 2368 376 2422 Bruti
393 2367 425 2422 ad
443 2368 589 2424 Ciceronem
605 2369 695 2424 missas
713 2369 839 2440 epistolas,
856 2368 996 2440 exquibus
1014 2369 1090 2424 facile

299 2449 339 2498 est
357 2443 550 2514 deprehendere,
568 2445 674 2500 Calvum
692 2446 793 2516 quidem
810 2445 927 2500 Ciceroni
944 2445 1026 2500 risum
1043 2465 1090 2500 ex-

299 2538 420 2590 sanguem
440 2525 466 2575 et
486 2521 611 2588 attritum,
632 2523 741 2576 Brutum
767 2528 853 2576 autem
877 2522 988 2576 otiosum
1011 2527 1090 2593 atque

299 2596 457 2666 dijunctum3
477 2616 615 2668 rursusque
627 2598 773 2653 Ciceronem
790 2618 805 2652 a
817 2598 895 2652 Caluo
912 2597 1013 2669 quidem
1025 2601 1090 2654 male

300 2673 400 2728 audisse
415 2677 536 2743 tauquam
552 2674 663 2728 solutum
680 2679 706 2728 et
724 2693 848 2739 enervem,
866 2692 881 2728 a
896 2674 979 2728 Bruto
995 2682 1088 2740 autem,

299 2755 330 2804 ut
350 2749 429 2821 ipsius
450 2750 533 2805 verbis
553 2755 619 2815 utar,
634 2756 764 2821 tamquam
780 2755 894 2821 fructum
913 2756 989 2821 atque
1011 2752 1088 2806 clam-

277 2830 358 2881 them.
396 2827 424 2881 Si
449 2845 488 2881 me
512 2827 661 2897 iuterrogcs,
681 2845 766 2882 omncs
785 2827 846 2880 mihi
864 2826 982 2882 videntur
999 2847 1089 2884 verum

300 2902 404 2958 dixisse.
441 2903 491 2958 Sed
501 2921 560 2957 mox
576 2903 607 2957 ad
619 2903 732 2975 singulos
747 2904 859 2959 reniam:
878 2921 946 2960 nuuc
957 2904 1018 2959 mihi
1030 2921 1089 2960 eum

300 2979 427 3036 universis
439 2981 570 3053 negotium
582 2987 630 3034 ast.
