2575 3592
290 366 338 415 168
626 366 744 415 ruem

929 427 1098 468 anem.

290 478 364 533 onius
375 478 470 550 primos
483 477 571 533 Civilis
583 483 690 535 conatus
703 498 749 551 per
766 429 999 535 dissimulatibnem
1015 478 1097 532 aluit.

266 564 281 610 2
291 556 344 613 Ubi
356 561 501 629 expugnata
512 562 602 627 castra,
615 558 711 614 deletus
722 558 849 625 cobortes,
860 558 964 629 pulsum
974 556 1099 611 Batavo·

291 653 348 689 rum
359 634 442 689 insula
453 634 596 689 Rorneuum
615 654 708 690 nomen
722 634 816 706 trepidi
832 634 919 689 nuntii
935 633 1098 697 afferebant,

291 711 411 767 Munium
437 712 583 783 Lupercum
612 712 726 783 legatum
754 712 787 781 (is
815 711 921 767 duarum
955 710 1098 782 legionum

269 788 405 845 thibernis
417 789 545 859 praeerat)
559 789 647 861 egredi
658 789 782 843 adversus
793 789 894 843 hostem
907 786 998 858 jubet.
1034 787 1097 842 Ln-

292 884 383 937 percus
404 866 553 937 legionarios
574 885 589 921 e
611 866 788 937 praesentibus,
810 866 893 921 Ubios
914 883 930 919 e
954 864 1096 935 proximis,

293 944 459 999 Treverorum
471 946 578 1015 equites,
591 944 660 999 haud
675 945 751 1016 longe
765 953 878 1016 agentes,
894 944 990 1015 raptim
1008 947 1098 997 trans·

292 1021 369 1087 misit,
383 1021 469 1076 addita
479 1022 634 1077 Batavorum
647 1022 693 1085 ula,
707 1041 771 1093 quse,
781 1022 835 1093 jum
846 1020 945 1092 pridem
956 1026 1095 1091 corrupta,

295 1098 369 1153 fidem
392 1098 534 1165 simulabat,
558 1103 596 1168 ut,
620 1099 728 1171 proditis
750 1099 778 1153 in
800 1101 857 1169 ipsa
877 1098 931 1153 acie
954 1097 1096 1163 Romanis,

271 1176 389 1247 tmajcre
412 1177 494 1248 pretio
517 1177 626 1248 lugeret.
670 1176 757 1231 Civilis
783 1180 915 1247 captarum
943 1174 1095 1229 cohortium

295 1254 375 1325 signis
398 1254 576 1319 circumdatus,
600 1258 631 1311 ut
655 1272 702 1309 suo
722 1254 798 1308 militi
816 1272 905 1309 recens
925 1252 1011 1324 glorie
1030 1256 1095 1306 ante

295 1330 389 1396 oorulos,
410 1335 436 1385 et
454 1332 541 1387 hostes
559 1331 680 1386 memoria
696 1330 775 1386 eladis
791 1335 959 1395 terrerentur,
977 1333 1095 1383 matrem

296 1426 367 1463 suam
391 1424 546 1480 sororesque,
570 1408 648 1463 simul
668 1407 780 1462 omnimn
800 1408 923 1478 conjuges
941 1424 1093 1477 parvosque

295 1484 387 1539 liberos
400 1486 537 1541 consistere
550 1504 564 1539 a
575 1489 649 1556 tergo
659 1485 740 1554 jubet,
752 1485 913 1544 hortamenta
921 1484 1039 1538 victorie
1051 1482 1095 1535 rel

272 1569 287 1617 5
297 1562 375 1631 pulsis
387 1562 516 1633 pudorem.
547 1562 586 1617 Ut
602 1563 714 1617 virorum
726 1566 810 1626 cautu,
823 1561 975 1626 feminarum
986 1560 1094 1628 ululatu

296 1639 381 1693 sonuit
393 1639 466 1705 acies,
479 1656 637 1711 nequaquam
649 1658 695 1710 par
706 1657 722 1693 a
732 1637 874 1711 legionibus
889 1637 1094 1707 cohortibusque

296 1714 410 1770 redditur
428 1715 528 1771 clamor.
565 1715 715 1771 Nudaverat
731 1715 863 1770 sinistrum
880 1732 961 1769 oornu
977 1714 1093 1768 Batavo-

296 1808 353 1845 rum
366 1791 405 1846 aln
415 1792 595 1864 transfugiens,
608 1793 745 1863 statimque
756 1792 784 1847 in
794 1810 841 1847 nos
852 1809 933 1846 versa
964 1790 1019 1846 Sed
1028 1791 1092 1860 legi·

297 1868 399 1923 onarius
408 1869 487 1936 miles,
495 1888 638 1941 quanquam
647 1870 723 1925 rebus
735 1868 849 1940 trepidis,
858 1886 928 1923 arma
936 1866 1091 1939 ordinesque
1138 1913 1140 1916 .

273 1946 431 2003 tretinebat.
467 1948 593 2005 Ubiorum
605 1949 823 2019 lbererorumque
835 1947 936 2012 auxilia,
947 1946 1018 2001 ioeds
1027 1946 1091 2017 fuga

297 2023 417 2095 dispersa,
434 2025 495 2084 totis
512 2026 606 2097 campis
622 2026 749 2097 pulsatur.
785 2024 852 2079 Illuc
869 2023 1008 2079 incubuere
1026 2024 1090 2078 Ger
1138 2061 1139 2092 3

297 2102 380 2169 mani;
398 2107 425 2157 et
446 2102 496 2157 fuit
519 2103 620 2159 interim
644 2103 767 2174 effugium
789 2101 931 2173 legionibus
953 2100 982 2155 in
1006 2105 1091 2155 eastra

274 2179 389 2249 rquibns
401 2180 523 2235 Veterum
536 2198 628 2235 nomen
639 2185 688 2235 est.
723 2179 864 2235 Praefectus
875 2178 921 2232 alm
932 2177 1089 2233 Batavomm

299 2256 417 2313 Claudius
432 2257 526 2323 Labeo,
540 2256 666 2328 oppidano
683 2256 821 2311 certamine
832 2254 937 2331 emulus
954 2254 1038 2319 Civili,
1056 2272 1088 2308 ne

298 2332 449 2389 interfectus
461 2334 580 2389 invidiam
593 2334 661 2403 apud
672 2334 816 2405 populares,
828 2332 876 2397 vel,
889 2332 912 2386 si
923 2331 1087 2395 retineretur,

298 2410 394 2465 semina
405 2411 535 2467 discordiae
547 2410 679 2481 praeberet,
692 2411 719 2465 in
730 2410 827 2464 Frisios
838 2408 963 2463 avehitur.

254 2493 290 2549 19
334 2486 430 2542 Iisdem
441 2488 530 2549 diebus
539 2489 695 2543 Batavorum
706 2491 733 2543 et
746 2486 950 2542 Canninefatium
963 2485 1087 2550 cohortes,

298 2581 358 2619 oum
372 2563 446 2633 jussu
460 2565 558 2620 Vitellii
569 2566 596 2621 iu
608 2564 697 2619 urbem
712 2568 859 2636 pergerent,
870 2563 965 2617 missus
981 2581 997 2616 a
1008 2562 1087 2617 Civile

298 2640 404 2695 nuntius
417 2642 566 2711 assequitur.
598 2643 749 2698 Intumuere
758 2642 845 2695 statim
856 2639 976 2711 superbia
986 2640 1086 2694 ferocia·

300 2735 357 2787 que,
374 2721 400 2771 et
416 2716 524 2787 pretium
537 2718 634 2773 itineris
647 2718 803 2782 donativum,
816 2716 910 2788 duplex
926 2716 1085 2787 stipendium,

300 2793 388 2863 augeri
411 2792 526 2863 equitum
545 2811 687 2859 numemm,
711 2796 836 2865 promissa
856 2810 954 2861 sanes
977 2792 1084 2856 Vitellio,

300 2869 468 2937 postulabant,
481 2886 532 2922 uon
543 2874 573 2923 ut
586 2875 789 2941 assequerentur,
798 2870 844 2925 sed
852 2888 954 2925 causam
964 2868 1084 2924 seditioni

278 2945 337 2997 aEt
350 2946 456 3001 Flaccus
464 2944 548 2999 multa
556 2946 716 3002 coneedendo
726 2947 791 3003 nihil
802 2946 1006 3012 aliudeffeoerat,
1014 2964 1085 3018 quam
