2575 3592
181 494 201 533 Α
220 493 238 533 D
255 493 299 542 ω]
352 430 603 483 HISTORIARUM
622 429 658 477 11.
677 427 779 475 85-88.
937 422 968 472 99

181 544 302 614 ancipitia
312 541 429 597 malebat.
464 542 551 615 Igitur
565 558 667 596 morere
682 544 709 593 et
721 537 832 608 quatere,
851 532 991 605 quicquid?

182 640 292 693 usquam
313 640 408 693 affum
428 622 502 687 soret,
519 620 710 692 aggrediuntur.
747 614 854 685 Scripta
869 613 897 667 in
912 612 970 667 Bri·

180 699 295 752 tanniam
307 698 339 752 ad
351 697 590 769 quartadecimanos,
602 697 629 751 in
640 693 791 765 Hispaniam
800 690 832 745 ed
843 692 970 762 primanos

181 775 302 845 epistola,
327 774 396 845 quod
426 780 535 846 utraque
561 773 627 845 legio
654 790 700 843 pro
728 769 830 825 Othone
866 766 972 821 adversa

182 851 291 906 Vitellio
310 851 402 906 iuerat.
438 852 598 923 Sparguntur
616 868 662 921 per
686 846 778 903 Gallias
798 845 878 899 litera
888 864 895 910 ;
918 856 993 901 mos

183 933 322 999 mentoque
343 928 464 999 temporis
483 927 607 999 flagrabat
626 927 716 997 ingens
738 922 838 987 bellum,
863 921 971 993 illyricis

180 1005 339 1061 exercitibus
366 1006 449 1077 palum
478 1004 682 1069 desciscentibus,
711 1000 808 1057 ceteris
843 999 972 1053 fortunam

181 1082 316 1138 secuturis.

216 1160 288 1214 Dum
304 1159 359 1214 bec
378 1176 424 1230 per
441 1158 582 1230 provincias
601 1176 618 1212 a
635 1155 793 1227 Vespasiano
816 1153 972 1225 ducibusque
980 1154 1017 1213 87

180 1236 295 1307 partium
316 1240 448 1307 geruntur,
467 1235 586 1290 Vitellius
607 1233 776 1304 contemptior
798 1231 826 1286 iu
845 1231 898 1287 dies
916 1250 973 1303 seg-

182 1312 301 1381 uiorque,
326 1310 359 1366 ad
383 1330 470 1366 omnes
493 1311 687 1382 municipiorum
709 1309 875 1380 villarumque
898 1326 974 1363 amre-

182 1389 282 1444 nitates
297 1387 425 1453 resistens,
440 1388 512 1460 gravi
529 1388 618 1443 urbem
634 1387 733 1459 agmine
749 1385 859 1457 petebat.
897 1386 995 1440 Saxa-2

183 1465 261 1536 ginta
276 1463 354 1518 millia
369 1469 521 1519 armatorum
533 1464 710 1535 sequebantur,
723 1462 825 1518 boeotia
836 1467 974 1533 corrupta;

183 1541 304 1596 warns
320 1559 439 1597 numems
462 1541 575 1613 amplior,
599 1540 784 1612 procacissimis
807 1538 884 1593 etiam
907 1539 975 1593 inter

184 1636 274 1674 servos
294 1617 400 1672 lixarum
421 1619 528 1690 ingeniis
539 1639 546 1684 ;
563 1621 604 1672 tot
625 1618 768 1689 legatorum
787 1616 974 1685 amicorumque

183 1694 323 1751 comitatus
344 1694 460 1749 inhabilis
489 1694 522 1749 ad
548 1694 694 1765 parendum,
722 1694 799 1748 etiam
827 1692 849 1747 si
876 1710 976 1747 summa

183 1771 312 1828 modestia
333 1776 472 1843 regerebu.
520 1770 666 1827 Onerabaut
693 1769 880 1825 multitudinem
908 1769 997 1824 obviis

183 1867 218 1904 ex
229 1848 294 1903 urbe
308 1853 438 1903 senatores
453 1848 608 1919 equitesque,
626 1847 728 1919 quidam
745 1852 823 1912 metu,
840 1846 914 1902 multi
930 1865 976 1917 per

185 1924 365 1990 adulationem,
385 1925 470 1980 ceteri
488 1942 518 1980 ao
536 1924 658 1995 paulatim
677 1942 771 1989 omues,
788 1942 828 1989 ue,
848 1924 903 1978 aliis
919 1942 974 1994 pro

186 2002 369 2067 ficisceutibns,
382 2002 431 2072 ipsi
442 2007 608 2056 remanerent.
644 2001 857 2073 Aggregabautur
869 2020 883 2055 e
894 2001 1000 2072 plebel

185 2079 316 2149 flagitiose
337 2096 383 2149 per
405 2078 526 2149 obsequia
547 2078 653 2133 Vitellio
676 2078 779 2150 cogniti,
804 2098 904 2148 scurrae,
927 2079 978 2132 his-

187 2155 295 2222 triones,
306 2155 408 2227 eurigm,
417 2155 509 2227 quibus
520 2154 563 2209 ille
572 2155 740 2211 amicitiarum
748 2155 978 2210 dehonestamentis

186 2234 254 2289 mire
266 2233 399 2304 gaudebat.
435 2234 492 2289 Nec
504 2233 607 2289 colonia
618 2233 694 2289 modo
706 2238 750 2289 aut
762 2235 908 2306 municipia,¹
922 2244 1000 2289 con-5

186 2314 267 2380 gestu
278 2310 414 2380 copiarum,
429 2310 474 2365 sed
485 2311 535 2382 ipsi
545 2310 656 2365 cultores
672 2329 788 2381 arvaque,
806 2311 912 2365 maturis
926 2312 978 2383 jum

185 2386 314 2458 frugibus,
338 2392 369 2441 ut
394 2387 487 2442 hostile
515 2386 596 2442 solnm
625 2387 798 2443 vastabantur.
832 2388 924 2443 Multa
953 2393 1023 2446 et88

187 2468 289 2519 atroces
304 2463 372 2518 inter
383 2482 411 2518 se
429 2463 538 2519 militurn
555 2463 644 2530 cades,
659 2468 718 2535 post
734 2464 883 2520 seditionem
898 2466 981 2521 licini

188 2544 300 2610 captur
322 2544 440 2595 manente
462 2540 590 2612 laginam
613 2540 814 2613 auxiliorumque
841 2541 979 2609 discordia3

189 2616 237 2671 ubi
247 2616 368 2672 adversus
379 2635 492 2689 paganos
503 2618 653 2673 certandum
669 2618 744 2688 foret,
762 2638 894 2675 consensu.
931 2620 1003 2675 Sede

161 2750 164 2754 ,
190 2692 300 2765 plurima
316 2698 416 2765 strages
433 2693 466 2749 ad
482 2695 619 2765 septimum
637 2694 669 2750 ab
687 2696 749 2752 urbe
772 2696 888 2768 lapidem.
926 2697 982 2751 Sin·

190 2769 261 2841 gulia
277 2769 314 2825 ibi
330 2770 452 2826 militibus
468 2771 588 2826 Vitellius
605 2776 708 2843 paratos
725 2773 795 2829 cibos
813 2778 843 2829 ut
861 2773 983 2845 gladiato-

190 2846 258 2902 riam
276 2846 388 2917 saginam
403 2848 547 2915 dividebat3
565 2853 592 2904 et
607 2849 688 2905 effusa
703 2850 788 2921 plebes
803 2851 866 2905 totis
884 2868 912 2903 se
929 2867 983 2903 cas-

190 2922 243 2979 tris
254 2922 396 2980 miscuerat.
427 2926 573 2981 Iucuriosos
585 2925 679 2981 milites
692 2927 836 2994 (tomacula
846 2924 1006 2979 utebantur8

189 3000 355 3074 umnec)
374 3002 476 3075 quum
490 3002 638 3074 spoliavere,
659 3003 763 3059 abeas
781 3002 869 3056 furtim
886 3000 982 3063 balteis,
