2575 3592
415 391 665 442 HISTORIARUM
684 393 704 440 1.
722 391 808 439 9-13.
993 391 1006 440 7

220 457 283 559 ind
293 457 409 560 ⁶T⁹iberius
425 505 575 568 Alexander,
592 503 705 576 ejusdem
722 502 838 558 nationis.
875 502 962 557 Africa
979 519 1009 556 ac

219 583 333 654 legiones
350 583 378 637 in
388 600 426 649 ea,
441 582 576 636 interfecto
588 581 679 636 Clodio
690 580 786 644 Macro,
800 582 919 634 contenta
930 579 1010 650 quali·

219 678 320 730 cunque
343 660 457 730 principe
479 665 538 730 post
561 659 762 730 experimentum
784 656 878 710 domini
897 657 1008 710 minoris.

219 737 288 791 Duae
311 736 480 801 Mauritaniae,
506 736 598 801 Raetia,
623 735 755 800 Noricum,
780 734 887 788 Thracia
907 739 933 788 et
954 743 1034 804 quaet

220 815 276 868 aliae
303 814 508 884 procuratoribus
537 813 695 878 cohibentur,
720 816 750 866 ut
774 813 865 882 cuique
888 811 1011 865 exercitui

219 891 317 956 vicinae,
330 891 368 945 ita
378 892 406 944 in
421 891 532 945 favorem
549 896 594 945 aut
611 890 696 944 odium
714 893 833 945 contactu
845 888 1011 944 valentiorum

220 967 370 1038 agebantur.
406 969 521 1022 [uermes
544 968 681 1038 provinciae
704 971 781 1038 atque
802 966 905 1038 ipsein
925 965 1036 1036 primis4

219 1046 305 1111 ltalia,
329 1046 471 1117 cuicunque
494 1047 598 1101 servitio
622 1045 745 1116 exposita,
768 1045 796 1099 in
819 1044 928 1116 pretium
952 1043 1011 1098 belli

220 1141 331 1178 cessurae
354 1129 435 1178 erant.
471 1123 524 1178 Hic
547 1123 597 1177 init
620 1141 706 1177 rernm
726 1121 898 1176 Romanarum
919 1125 1035 1186 statuat

220 1217 281 1254 cum
294 1201 397 1256 Servius
407 1200 486 1255 Galba
497 1200 590 1255 iterum
600 1200 674 1254 Titus
684 1199 776 1254 Vinius
788 1199 903 1254 consules
913 1198 1011 1252 inchoa-

145 1341 150 1344 ·
220 1297 280 1332 vere
292 1297 388 1332 aunum
400 1278 448 1333 sibi
463 1278 588 1343 ultimum,
601 1278 638 1332 rei
651 1277 757 1348 publicae
769 1295 846 1346 prope
859 1295 1010 1346 supremum.

257 1355 349 1410 Paucis
361 1360 420 1426 post
433 1355 560 1410 Kalendas
577 1355 711 1408 Jannarias
723 1353 811 1408 diebus
824 1353 938 1424 Pompeii
949 1353 1011 1406 Pro
1024 1347 1059 1402 12

220 1433 311 1504 pinqui
328 1433 499 1504 procuratoris
514 1452 529 1488 e
545 1432 651 1504 Belgica
667 1432 761 1486 litterae
779 1431 926 1496 afferuntur,
940 1449 1011 1500 supe-

220 1511 296 1566 rioris
319 1511 459 1566 Germania
479 1510 591 1582 legiones
608 1513 686 1580 rupta
703 1509 854 1562 sacramenti
871 1507 1013 1562 reverentia

220 1587 398 1658 imperatorem
425 1587 502 1642 alium
528 1588 652 1658 flagitare,
681 1589 708 1640 et
734 1585 834 1640 senatui
863 1603 893 1640 ac
918 1584 1011 1656 populo

220 1664 338 1719 Romano
361 1664 492 1719 arbitrium
520 1663 630 1735 eligendi
655 1663 810 1734 permittere,
840 1680 890 1732 quo
919 1661 1011 1716 seditio

220 1741 322 1796 mallim
334 1742 497 1812 acciperetur.
533 1740 676 1796 Maturavit
688 1758 719 1794 ea
730 1758 770 1794 res
782 1739 913 1794 consilium
926 1738 1036 1796 sabaa

218 1819 273 1889 jam
284 1819 381 1889 pridem
393 1818 425 1873 de
436 1818 571 1890 adoptione
583 1836 669 1873 secum
681 1823 708 1871 et
718 1835 776 1871 oum
785 1817 905 1888 proximis
916 1816 1011 1886 agitan-

221 1896 265 1950 tis.
302 1895 364 1950 Non
387 1914 447 1951 sane
470 1896 582 1951 crebrior
598 1899 655 1949 tote
672 1894 775 1950 civitate
793 1913 875 1948 sermo
894 1912 938 1962 per
955 1893 1035 1954 illesa

147 1984 151 1990 '
221 1991 322 2026 menses
334 1973 426 2038 inerat,
436 1974 546 2044 primum
554 1972 657 2026 lieentia
665 1991 694 2026 ae
703 1971 806 2026 libidine
816 1971 876 2025 talia
884 1970 1010 2041 loquendi,

222 2049 281 2103 dein
295 2050 364 2104 sessa
377 2051 429 2121 jam
446 2054 523 2106 atate
540 2049 633 2104 Galbae.
670 2049 762 2104 Paucis
778 2048 901 2118 judicium
914 2052 958 2102 aut
974 2048 1036 2102 reil

221 2127 329 2198 publicae
343 2146 428 2182 amor:
447 2127 522 2182 multi
538 2127 618 2182 stulta
634 2145 686 2198 spe,
703 2131 780 2197 prout
795 2127 851 2196 quis
864 2126 958 2180 audeus
972 2125 1013 2180 vel

221 2204 307 2269 eliens,
320 2204 388 2259 huno
399 2203 440 2260 vel
450 2204 521 2258 illum
533 2203 674 2258 ambitiosis
686 2203 829 2258 rumoribus
842 2202 1010 2267 destinabant,

222 2281 299 2336 etiam
311 2282 338 2336 in
349 2281 402 2336 Titi
413 2282 484 2336 Vinii
495 2281 589 2349 odium,
601 2281 646 2352 qui
657 2281 684 2334 in
696 2279 749 2336 dies
765 2283 859 2350 quanto
876 2281 1010 2350 potentior,

221 2358 310 2413 eodem
328 2368 388 2413 actu
405 2359 509 2413 invisior
530 2361 593 2412 erat.
630 2357 733 2428 Quippe
750 2357 849 2410 hiantes
872 2357 899 2411 in
922 2364 1036 2428 magnac

221 2437 326 2514 fortuna
342 2435 480 2490 amicorum
498 2434 651 2506 cupiditates
669 2434 725 2504 ipsa
742 2433 828 2489 Galba
849 2433 956 2489 facilitas
974 2435 1013 2488 in-

223 2513 352 2577 tendebat,
366 2531 424 2567 eum
436 2511 503 2584 apud
514 2512 641 2566 infirmnm
654 2514 680 2566 et
693 2507 819 2566 credulum
833 2512 929 2566 minore
942 2515 1012 2566 metu

221 2595 249 2644 et
265 2591 361 2660 majore
384 2590 487 2660 praemio
510 2593 667 2660 peccaretur.
712 2589 832 2643 Potentia
855 2589 1011 2660 principatus
1024 2592 1058 2645 13

222 2667 302 2721 divisa
318 2667 346 2720 in
363 2667 450 2721 Titum
467 2666 573 2720 Vinium
589 2665 718 2720 consulem
731 2673 756 2721 et
772 2667 916 2721 Cornelium
932 2665 1012 2720 Laco·

221 2743 562 2814 nempraetoriipraefeetum.
598 2743 655 2798 Neo
664 2743 913 2814 minorgratiaioelo
927 2742 1036 2796 Galbae2

222 2821 320 2886 liberto,
333 2839 409 2891 quem
421 2821 520 2875 annulis
533 2819 654 2875 donatum
667 2820 779 2891 equestri
790 2820 890 2873 nomine
903 2819 1011 2872 Mareia-

220 2917 283 2953 num
305 2898 458 2954 vocitabant.
494 2898 534 2952 Hi
560 2897 696 2962 discordes,
722 2901 748 2950 et
772 2896 847 2966 rebus
872 2893 1035 2948 minoribua3

221 2975 270 3032 sibi
282 2976 387 3048 quisque
404 2975 547 3044 tendentes,
563 2975 630 3029 eirea
644 2973 777 3028 consilium
790 2970 898 3042 eligendi
913 2986 1010 3022 sucees-
