2575 3592
408 415 456 462 DE
473 415 697 464 ORATORIBUS
714 417 784 467 5-7.
940 418 987 466 289

199 525 301 581 dubius
317 524 395 580 libero
413 530 440 580 et
458 526 568 596 ingenuo
587 526 671 580 auimo
688 530 714 580 et
732 525 764 580 ad
782 525 923 598 voluptates
942 527 987 580 ho-

197 607 285 658 nestas
296 607 365 666 nato,
379 621 453 673 quam
464 603 550 658 videre
561 602 660 673 plenam
672 621 770 673 semper
786 609 812 658 et
828 603 984 674 frequentem

198 680 301 735 domum
322 698 394 734 auam
417 698 540 736 concursu
558 679 815 751 splendidissimorum
837 681 985 736 homiuum?

196 757 281 828 idque
292 757 357 812 scire
368 775 420 812 uon
434 757 552 827 pecuniam
565 775 613 810 non
631 756 743 820 orbitati,
755 775 806 810 non
821 757 894 812 officii
911 757 1006 814 edelr-2

194 835 238 904 jna
249 833 468 898 administrationi,
481 833 527 888 sed
541 833 590 888 sibi
599 834 650 904 ipai
665 833 737 888 dari?
756 834 817 888 illos
834 834 895 905 quin
907 835 985 888 immo

196 911 273 967 orbos
294 915 320 965 et
340 911 479 981 locupletes
496 915 524 964 et
544 915 661 981 potentes
681 911 767 965 venire
786 911 932 982 plerumque
953 911 986 966 ad

192 986 314 1056 juvenem
331 991 358 1042 et
377 1005 520 1058 pauperem,
537 992 568 1041 nt
589 991 634 1041 aut
652 1005 698 1040 sna
716 991 760 1041 aut
781 988 916 1043 amicorum
935 987 985 1042 dis-

195 1064 303 1118 crimina
314 1063 495 1118 commendent.
531 1063 624 1118 Ullane
634 1067 708 1118 tanta
719 1063 859 1132 ingentium
869 1083 944 1136 opum
956 1082 985 1120 ac
996 1071 1011 1117 3

194 1158 296 1212 magnae
311 1141 432 1211 potentie
449 1140 573 1210 voluptas,
590 1159 665 1211 qnam
682 1145 795 1212 epectare
812 1141 925 1196 homiues
943 1161 986 1196 ve-

194 1221 264 1272 terea
276 1220 304 1272 et
315 1235 387 1272 aenea
399 1222 426 1272 et
440 1217 520 1274 totius
532 1216 599 1272 orbis
611 1218 694 1288 gratia
709 1217 836 1282 subnixos,
849 1217 877 1272 iu
888 1237 986 1273 summa

195 1313 282 1349 rernm
292 1294 404 1349 omnium
413 1293 566 1348 abnndantia
577 1294 733 1359 confitentes,
744 1294 770 1348 id
782 1294 849 1366 quod
861 1295 982 1366 optimum
997 1335 999 1340 ,

196 1372 239 1436 ait,
252 1389 280 1426 ae
291 1389 343 1425 non
355 1370 467 1426 habere?
484 1372 542 1425 Jam
557 1389 617 1425 vero
629 1372 672 1443 qui
688 1376 832 1442 togatorum
848 1372 1007 1428 comitatusl

196 1453 224 1503 et
235 1449 367 1519 egressus!
387 1466 444 1518 quaa
454 1447 481 1502 in
492 1447 593 1519 publico
602 1449 712 1519 species!
732 1467 788 1520 quae
797 1449 824 1503 in
832 1449 933 1520 judiciis
942 1467 985 1503 ve-

196 1526 309 1581 neratio!
329 1525 397 1597 qnod
408 1525 530 1596 gandium
541 1527 709 1597 consurgendi
723 1527 906 1598 maistendique
917 1527 984 1582 inter

197 1607 312 1658 tacentes
327 1603 393 1657 etin
407 1621 486 1658 uuuuu
501 1605 649 1664 converanal
669 1604 735 1658 ouire
749 1603 877 1674 populum,
894 1609 920 1658 et
937 1603 984 1658 air·

198 1680 329 1736 cumfuudi
349 1698 474 1744 aaronem,
492 1684 519 1734 et
540 1681 652 1750 accipere
672 1681 790 1735 affectum
811 1699 983 1752 quemcunque

198 1763 284 1812 orator
303 1756 429 1812 induerit!
455 1757 568 1828 Vulgata
588 1756 723 1812 dicentium
748 1757 840 1828 gandia
860 1762 886 1812 et
906 1757 1006 1828 impe-d

197 1835 305 1888 ritornm
324 1851 423 1904 qnoque
442 1833 521 1888 canlie
541 1834 657 1903 exposita
675 1852 824 1904 percenseo:
842 1835 886 1888 illa
904 1845 1004 1890 secre-x

197 1910 264 1966 tiora
275 1914 303 1965 et
313 1914 413 1965 tantum
424 1910 486 1980 ipsiu
498 1910 628 1965 orantibus
639 1916 702 1966 ncta
713 1914 808 1981 majora
822 1915 889 1966 sunt.
927 1912 984 1968 Sive

198 1992 341 2042 accuratam
356 1986 553 2058 meditatamque
569 1987 667 2058 profert
684 1989 829 2053 orationem,
849 1993 888 2043 est
906 1988 985 2060 quod·

199 2063 256 2118 dam
276 2064 342 2119 aiant
362 2064 441 2134 ipsius
459 2063 585 2132 dictionis,
601 2064 639 2118 ita
659 2063 745 2136 gandii
765 2065 863 2136 pondus
880 2070 907 2120 et
926 2084 984 2120 con-

199 2141 308 2206 atautia;
326 2140 379 2196 aire
389 2159 481 2195 novam
492 2147 519 2195 et
534 2144 661 2196 recentem
674 2155 759 2196 curam
775 2160 826 2196 non
838 2141 890 2196 sine
902 2141 985 2212 aliqua

197 2217 365 2289 trepidatione
379 2217 456 2271 animi
472 2217 594 2282 attulerit,
606 2218 663 2288 ipsa
678 2214 810 2272 solicitudo
826 2218 984 2272 commendat

197 2301 316 2350 eventurn
340 2304 366 2349 et
388 2294 547 2348 lenocinatur
566 2294 698 2365 voluptati.
735 2294 784 2348 Sed
808 2294 1008 2365 extemporalist

197 2371 308 2426 audacie
320 2376 395 2442 atqne
404 2371 483 2442 ipsius
495 2371 646 2426 temeritatis
655 2371 696 2426 vel
707 2372 833 2442 praecipua
840 2371 985 2442 jucunditas

196 2454 245 2504 eet.
282 2449 349 2502 Nam
363 2448 390 2502 in
400 2448 501 2519 iugenio
518 2465 624 2518 qnoque,
637 2449 703 2502 sicut
719 2448 746 2502 in
762 2466 830 2519 agro,
844 2467 987 2520 quanquam

197 2526 247 2580 alia
269 2525 313 2580 diu
336 2530 453 2580 serantur
475 2529 551 2595 atque
576 2525 742 2590 elaborentur,
767 2525 879 2596 gratiora
901 2530 987 2582 tamen

197 2621 254 2674 qna
266 2620 313 2656 sua
324 2605 414 2672 sponte
425 2610 573 2657 nascuntur.
985 2661 986 2664 Ἴ

233 2682 248 2708 “
257 2679 391 2750 Equidem,
398 2683 428 2732 ut
441 2677 473 2731 de
484 2695 525 2731 me
538 2680 597 2746 ipso
604 2677 692 2742 fatear,
703 2696 754 2732 nou
764 2696 821 2733 eum
832 2679 897 2750 diem
909 2679 1011 2742 letio-7

195 2774 250 2810 rem
263 2757 313 2827 egi,
324 2773 375 2826 qno
386 2754 449 2808 mihi
456 2753 524 2808 latua
534 2757 623 2810 clauus
632 2753 733 2808 oblatus
742 2763 789 2820 est,
801 2756 840 2810 vel
852 2773 902 2826 qno
910 2757 986 2810 homo

194 2851 279 2886 novus
291 2833 355 2888 etin
368 2831 471 2886 civitate
482 2830 587 2887 minime
600 2831 731 2887 favorabili
742 2836 818 2886 natus
834 2835 987 2902 quaesturam

194 2916 240 2962 aut
257 2909 414 2964 tribunatum
431 2913 476 2961 aut
488 2913 624 2976 praeturam
640 2908 734 2977 accepi,
747 2927 821 2979 quam
838 2926 880 2962 eor
895 2909 986 2978 quibus

195 2985 268 3050 milri,
281 3005 327 3056 pro
339 2984 512 3040 mediocritate
521 2985 596 3055 hujus
608 2984 834 3055 quantulaecunque
842 2984 869 3038 in
881 2983 986 3042 dicendo

230 3091 285 3120 ruo..
295 3091 345 3120 ror.
356 3092 379 3120 ιι.
591 3078 609 3114 U
