2575 3592
307 426 339 471 as
643 421 762 472 riom

950 485 974 522 A.
986 484 1014 524 U.
1025 485 1050 523 c.
1061 485 1108 525 82².

283 544 458 605 tcompressa.
494 531 635 588 Addiderat
643 533 750 604 gloriam
767 533 838 587 Nero
850 485 966 602 eligendo
978 540 1010 588 ut
1023 537 1108 605 potis-

308 612 401 677 simos;
419 609 487 664 unde
499 610 575 682 longa
586 609 636 665 illis
648 629 710 682 erga
721 611 851 666 Neronem
863 609 926 664 fides
938 614 965 664 et
977 616 1068 665 erecta
1079 613 1108 666 in

308 689 435 743 Othonem
458 685 550 741 studia.
588 687 638 742 sed
658 706 709 758 quo
730 687 786 758 plus
808 687 898 741 virium
916 705 945 741 ae
962 687 1073 754 roboris,
1093 705 1107 744 e

284 765 402 820 4fiducia
413 763 521 818 tarditas
533 764 622 818 inerat.
659 765 760 835 Agmeu
771 764 899 835 legionum
916 763 961 820 alre
973 764 1108 820 cohortes·

309 861 358 913 qne
376 841 570 912 praeveniebant.
607 841 641 896 Et
660 859 692 895 ex
712 841 768 912 ipsa
788 841 851 896 urbe
870 840 938 895 haud
961 843 1108 912 spernenda

309 937 407 983 manus,
425 919 537 988 quinque
552 917 677 989 pretoriae
691 919 808 973 cohortes
828 922 855 973 et
875 918 991 988 equitum
1010 920 1107 975 vexilla

309 1013 367 1050 cum
383 995 481 1067 legione
505 994 593 1066 prima,
611 1013 641 1049 ao
659 994 770 1050 deforme
784 996 888 1066 insuper
904 994 1035 1061 auxilium,
1055 996 1107 1051 dno

310 1072 389 1126 millia
407 1072 584 1144 gladiatorum,
600 1071 646 1127 sed
664 1091 709 1144 per
727 1073 810 1128 civilia
829 1090 898 1127 arma
913 1073 990 1126 etiam
1007 1074 1108 1128 severis

286 1149 418 1204 oducibus
435 1153 594 1220 usurpatum.
630 1149 773 1220 Hisoopiis
791 1148 989 1205 rectoradditus
1001 1150 1108 1206 Annius
1147 1219 1148 1224 Ἰ

311 1226 407 1290 Gallus,
431 1245 490 1281 corn
514 1226 641 1281 Vestricio
663 1227 789 1298 Spurinna
812 1225 844 1281 ad
861 1225 1019 1295 occupandas
1041 1227 1109 1283 Padi
1147 1227 1148 1242 ¹

311 1306 379 1374 ripas
402 1304 554 1374 praemissus,
575 1304 694 1374 qnoniam
717 1303 799 1375 prima
821 1303 983 1358 consiliorum
1006 1303 1109 1359 frustra

311 1380 461 1446 ceciderant,
480 1385 640 1452 transgresso
657 1381 709 1452 jam
725 1380 805 1452 Alpes
822 1381 928 1446 (lecina,
951 1397 1025 1450 quem
1049 1381 1107 1436 sist‘
1148 1428 1149 1450 ,

287 1458 378 1512 tintra
390 1459 484 1513 Gallias
497 1476 571 1529 posse
583 1461 736 1528 speraverat.
760 1459 848 1529 Ipsum
860 1458 986 1512 Othonem
1000 1459 1108 1512 comita·

310 1534 406 1590 bantur
426 1536 613 1607 speculatorum
631 1535 698 1590 lecta
715 1553 828 1607 corpora,
847 1554 906 1591 cum
921 1534 1020 1590 caeteris
1043 1553 1109 1606 prte-

311 1613 384 1667 toriis
413 1613 568 1678 cohortibus,
599 1612 713 1667 veterani
740 1631 755 1668 e
784 1613 910 1684 pretorio,
943 1611 1108 1667 classicorum

310 1689 401 1761 ingens
419 1707 548 1744 numerus.
584 1689 641 1744 Nec
662 1689 699 1744 illi
717 1708 795 1761 regne
814 1694 859 1744 aut
877 1693 1024 1760 corruptum
1043 1687 1109 1745 luxu

312 1765 369 1831 iter,
387 1765 433 1820 sed
449 1766 527 1821 lorica
542 1767 625 1820 ferrea
639 1785 703 1821 usus
721 1773 768 1832 est,
782 1771 809 1822 et
821 1771 880 1822 ante
893 1767 966 1838 signa
976 1765 1108 1837 pedester,
1149 1778 1150 1790 ¹

267 1842 436 1907 12borridus‚
466 1843 619 1914 incomptus,
650 1843 773 1914 famaque
802 1843 938 1898 dissimilis.
985 1843 1110 1900 Blandie-

219 1963 222 1970 .
312 1919 388 1974 batur
412 1921 502 1990 eoeptis
530 1920 641 1986 fortuna,
668 1938 786 1992 possessa
811 1939 857 1992 per
883 1939 952 1976 mare
976 1925 1003 1975 et
1026 1939 1109 1977 naves

312 1998 407 2068 majore
430 1997 513 2052 Italiae
535 2007 609 2068 parte
632 1997 735 2068 penitus
758 2017 840 2069 usque
864 1997 896 2052 ad
923 1998 1024 2053 initium
1054 2017 1109 2053 ma·

289 2075 454 2129 aritimarnm
482 2073 594 2144 Alpium.
638 2075 740 2134 Quibus
763 2074 894 2130 tentandis
918 2075 1109 2147 aggrediendae·

313 2170 362 2223 que
380 2151 515 2223 provincie
533 2151 695 2206 Narbonensi
714 2151 834 2206 Suedium
848 2152 1012 2219 Clementem,
1023 2153 1109 2207 Anto·

313 2229 383 2283 ninm
404 2228 549 2294 Nouellum,
569 2228 701 2284 AEmilium
727 2230 864 2284 Pacensem
889 2229 966 2284 duces
989 2228 1107 2284 dederat.

289 2305 489 2362 tsedPaoeneis
496 2305 674 2378 perlicentiam
682 2305 791 2360 militum
800 2307 916 2373 vinctum
929 2307 1043 2362 Antonio
1052 2307 1109 2361 No-

313 2383 379 2437 vello
390 2383 459 2437 nulla
467 2383 605 2438 auctoritas
615 2406 621 2437 ε
635 2382 744 2438 Suedius
754 2383 870 2438 Clemens
880 2383 1013 2438 ambitioso
1025 2383 1109 2456 impe-

282 2497 286 2505 =
313 2461 352 2513 rio
360 2459 473 2530 regebat,
481 2465 512 2515 nt
521 2460 641 2516 adversus
651 2459 798 2516 modestiam
812 2460 947 2532 disciplina
959 2467 1107 2531 corruptus,

175 2581 182 2589 .
289 2536 503 2607 ritopraeliorum
516 2536 612 2591 avidos.
650 2537 711 2592 Non
723 2537 800 2592 ltalia
811 2537 874 2592 adiri
886 2555 933 2593 nec
948 2537 1004 2592 loca
1021 2539 1108 2594 sedes-

228 2653 234 2662 .
314 2632 363 2684 que
372 2613 634 2684 patrioevidebantor:
653 2618 774 2684 tanquam
786 2615 1108 2672 entemaliloraeturbes

314 2690 426 2744 hostium
443 2708 525 2754 urere,
543 2695 651 2756 vastare,
667 2710 764 2761 rapere,
781 2710 811 2746 eo
830 2693 940 2748 atrocius
957 2691 1023 2763 quod
1041 2694 1108 2749 nibil

314 2785 422 2838 usquam
434 2766 563 2837 provisum
575 2766 708 2822 adversum
720 2773 812 2822 metus.
848 2768 921 2824 Pleni
933 2769 995 2839 agri,
1009 2775 1109 2838 apertae

291 2842 412 2897 odoinus.
449 2843 619 2898 Occursantes
634 2842 730 2898 domini
745 2845 822 2915 juxta
834 2848 955 2916 conjuges
970 2850 997 2900 et
1011 2844 1108 2902 liberos

316 2919 452 2974 securitate
463 2919 532 2989 pacis
545 2923 571 2974 et
585 2919 643 2974 belli
660 2919 726 2974 malo
743 2920 1010 2976 circumveniebantur.
1046 2921 1108 2976 Ma·

316 2995 414 3052 ritimas
426 3000 482 3051 tam
493 2996 573 3067 Alpes
583 2995 687 3072 tenebat
699 3003 847 3067 procurator
858 2997 958 3052 Marius
974 2997 1106 3054 Maturus.
