2575 3592
202 479 220 516 s
235 478 254 516 o
270 478 312 527 a]
393 414 804 463 HISTORIARUM1.1a-16.
976 417 991 464 o

204 528 245 580 lla
262 546 319 597 pars
331 544 429 582 morum
441 527 495 597 ejus
508 546 557 598 quo
570 527 711 599 suspectior
726 525 847 592 sollicitis,
860 525 1015 598 adoptantis

204 603 326 674 placebat.
363 605 447 675 [gitur
462 604 548 669 Galba,
562 605 718 675 apprehensa
738 604 838 658 Pisonis
858 623 941 669 manu,
964 605 991 658 in
1003 605 1037 658 15

204 681 272 736 huno
283 681 384 735 modum
395 680 496 736 loeutus
508 681 590 735 fertur
598 687 658 736 :-“
669 681 696 735 Si
707 685 733 735 te
745 681 859 750 privatus
876 681 933 752 lega
949 699 992 734 cu-

203 756 269 810 riata
285 757 353 828 apud
370 758 509 828 pontifices,
522 763 552 813 ut
568 758 645 812 moris
662 761 708 822 cst,
722 757 874 828 adoptarem,
888 766 914 812 et
930 757 992 812 mihi

203 835 335 906 egregium
346 838 401 888 erat
413 835 460 888 Gn.
473 835 586 906 Pompeii
598 840 624 890 et
637 835 676 889 Μ.
690 835 774 890 Crassi
786 834 899 889 subolem
910 833 937 888 in
948 853 992 904 pe-

203 916 277 965 nates
286 930 355 966 meos
362 911 509 977 adsciscere,
518 917 544 966 et
553 912 601 967 tibi
608 913 706 984 insigne
717 911 833 982 Sulpiciae
842 929 871 966 ao
880 911 991 966 Lutetia

203 987 295 1043 deeora
305 989 432 1044 nobilitati
444 993 496 1043 tua
512 988 639 1058 adjecisse.
677 989 754 1043 Nune
772 1007 811 1042 me
828 987 931 1042 deorum
946 989 1015 1042 bo-2

202 1065 348 1136 minumque
372 1083 497 1120 consensu
519 1066 552 1119 ad
574 1065 708 1136 imperium
731 1072 848 1121 vocatum
872 1064 992 1135 praeclara

135 1198 137 1201 .
201 1141 299 1197 indoles
315 1147 362 1196 tua
372 1146 399 1196 et
415 1161 485 1196 amor
496 1143 585 1213 patriae
602 1142 710 1214 impulit,
723 1146 753 1196 ut
769 1142 945 1213 principatum,
960 1141 991 1196 de

202 1237 255 1289 quo
266 1220 374 1289 majores
385 1220 465 1274 nostri
477 1220 552 1274 armis
566 1220 704 1284 certabant,
712 1219 778 1274 bello
790 1219 897 1289 adeptus
909 1219 991 1288 quies·

202 1295 272 1350 oenti
289 1296 399 1361 offeram,
411 1297 526 1367 exemplo
543 1296 595 1352 divi
609 1298 727 1367 Augusti,
741 1296 785 1367 qui
802 1295 894 1349 sororis
912 1295 991 1349 filium

200 1372 360 1437 Marcellum,
374 1373 432 1428 dein
443 1392 565 1445 generum
575 1374 722 1445 Agrippam,
736 1391 795 1428 mor
806 1377 912 1442 nepotes
921 1391 990 1436 suos,

201 1453 331 1519 postremo
343 1449 471 1504 'liberium
483 1451 612 1506 Neronem
621 1452 766 1522 privignum
777 1450 804 1503 in
816 1449 930 1520 proximo
943 1449 992 1503 sibi

202 1527 305 1598 fastigio
317 1529 455 1584 collocavit.
488 1529 538 1584 Sed
549 1532 684 1601 Augustus
695 1531 723 1584 in
735 1529 809 1584 domo
821 1545 990 1583 successorem
1000 1545 1015 1589 3

200 1606 326 1674 quesivit,
345 1624 393 1676 ego
413 1607 441 1660 in
459 1606 611 1677 republica,
629 1625 682 1661 non
699 1607 758 1678 quia
773 1605 927 1676 propinquos
946 1611 991 1660 aut

200 1683 284 1736 socios
296 1682 355 1738 belli
371 1701 424 1737 nou
440 1682 560 1738 habeam:
579 1683 624 1738 sed
635 1703 717 1754 neque
729 1684 783 1754 ipse
795 1682 927 1753 imperium
939 1700 991 1736 am-

199 1758 298 1814 bitione
310 1760 402 1830 accepi,
415 1764 442 1814 et
451 1759 541 1830 judicii
549 1761 600 1815 mei
611 1761 791 1816 documentum
801 1761 852 1814 sint
865 1777 916 1814 non
927 1777 990 1813 meae

199 1839 303 1890 tantum
319 1837 527 1902 necessitudines,
541 1856 602 1908 quas
614 1838 663 1893 tibi
674 1837 813 1908 postposui,
827 1835 872 1891 sed
888 1841 914 1890 et
930 1839 989 1890 tuae.

199 1914 251 1968 Est
262 1915 310 1969 tibi
320 1915 400 1970 frater
411 1917 466 1987 pari
485 1916 630 1982 nobilitate,¹
641 1921 705 1971 natu
724 1917 811 1988 major,
832 1915 923 1987 diguus
943 1915 991 1970 hae

199 1991 312 2058 fortuna,
324 1994 374 2048 nisi
385 1997 416 2048 tu
432 1993 516 2064 potior
532 2012 609 2048 esses.
645 1995 684 2049 Ea
702 1999 763 2049 aetas
774 1997 827 2058 tua,
848 2011 903 2063 quae
921 1991 1015 2061 cupi-4

199 2067 295 2123 ditatos
308 2070 481 2126 adolescentiae
491 2071 542 2141 jam
555 2071 691 2142 effugerit3
709 2089 739 2126 ea
750 2071 810 2134 vita,
823 2069 912 2139 inqua
928 2069 991 2124 nihil

197 2147 358 2216 praeteritum
370 2147 540 2203 excusandum
553 2148 653 2203 babeas.
690 2147 828 2202 Fortunam
842 2146 923 2202 adhuc
935 2151 1014 2207 tan-5

197 2226 257 2276 tum
269 2223 399 2279 adversam
414 2225 514 2279 tulisti:
536 2225 653 2280 secunde
669 2244 709 2280 res
729 2224 865 2279 acrioribus
881 2223 990 2278 stimulis

198 2299 298 2354 animos
321 2302 460 2372 explorant,
485 2301 546 2372 quia
569 2302 676 2358 miseriae
700 2302 847 2364 tolerantur,
870 2299 990 2354 felicitate

197 2378 391 2448 corrumpimur.
427 2379 523 2444 Fidem,
536 2379 687 2446 libertatem,
705 2379 847 2442 amicitiam,
865 2378 1015 2448 praecipuae

196 2453 305 2508 humaui
321 2457 397 2511 animi
412 2456 485 2522 bona,
503 2461 534 2510 tu
550 2456 651 2526 quidem
670 2455 757 2510 eadem
775 2455 916 2510 constantia
932 2455 990 2509 reti·

196 2530 280 2595 nabis,
298 2532 343 2586 sed
367 2533 409 2588 alii
431 2553 477 2603 per
496 2533 645 2603 obsequium
669 2533 825 2589 imminuent.
861 2532 1015 2602 Irrumpet7

198 2606 318 2673 adulatio,
343 2609 477 2676 blanditia,
501 2611 639 2682 pessimum
657 2611 710 2665 veri
733 2611 838 2664 affectus
857 2627 991 2674 venenum,

196 2703 247 2740 sua
266 2687 357 2757 cuique
379 2689 485 2744 utilitas.
521 2689 556 2743 ut
574 2689 627 2759 jam
650 2707 697 2760 ego
715 2707 744 2744 ao
760 2693 790 2742 tu
807 2687 1014 2760 simplicissimas

195 2762 323 2817 internos
335 2764 410 2820 hodie
421 2763 563 2837 loquimur:
582 2765 659 2820 ceteri
678 2765 797 2821 libentius
814 2780 870 2818 curo
887 2763 989 2816 fortuna

195 2843 288 2893 nostra
306 2860 381 2911 quarn
401 2844 541 2898 nobiscum.
577 2844 646 2898 Nam
668 2843 773 2898 suadere
794 2839 901 2911 prinoipi
922 2838 1014 2908 quoda

195 2913 323 2986 oporteat,
345 2920 420 2976 multi
438 2922 546 2977 laboris:
573 2921 712 2975 assentatio
733 2937 793 2990 erga
814 2932 989 2987 quemcunque

195 2994 338 3066 principem
349 2999 404 3054 siue
416 3001 509 3056 affectu
520 2998 658 3071 peragitur.
695 2998 722 3052 ai
734 2997 884 3051 immensum
888 2989 989 3063 imperii
1001 2995 1037 3049 16
