2575 3592
320 396 366 441 194
652 398 771 445 TACI'I'I

944 461 982 509 [r.
993 460 1024 501 u.
1034 461 1059 503 c.
1066 461 1112 499 aas.

317 524 382 571 rum,
404 506 531 575 Classicus
551 510 643 579 sperat,
665 508 853 579 Imperiumque
874 512 902 563 et
922 519 1116 565 sacramentum

318 583 454 638 Galliarum
464 588 583 641 ostentat.
610 584 683 639 Adeo
694 603 748 653 nos,
758 586 781 639 si
788 585 892 640 fortuna
904 586 931 641 in
940 605 1055 657 presens
1065 590 1115 639 vir-

317 665 410 731 tusque
422 660 540 726 desenrit,
550 662 627 717 etiam
636 666 723 717 vetera
733 662 848 733 exempla
858 662 999 718 deficiunt:
1013 664 1114 735 quoties

317 737 439 793 Romanae
451 738 562 810 legiones
575 740 657 809 perire
668 740 870 811 praeoptaverint,
881 759 913 794 ne
924 740 981 795 loeo
991 740 1116 810 pelleren-

295 819 368 869 8tur.
408 815 474 871 Socii
486 834 552 885 saepe
564 816 653 881 nostri,
666 816 780 871 exscindi
791 816 868 873 urbes
881 835 949 881 suas,
962 836 1045 887 aeque
1057 836 1115 871 oum

317 891 467 963 eonjugibus
480 910 508 947 ao
519 892 605 948 liberie
622 894 735 959 eremari,
748 893 923 964 pertulerunt:
943 912 1029 963 neque
1046 893 1115 948 aliud

317 969 427 1039 pretium
453 969 544 1035 exitus,
569 989 644 1041 quam
668 970 730 1025 tides
753 970 878 1041 famaque.
914 970 1039 1025 Tolerant
1058 989 1115 1025 eum

316 1045 424 1100 maxime
435 1045 543 1117 inopiam
556 1046 731 1118 obsidiumque
742 1047 810 1117 apud
821 1048 918 1102 Vetera
929 1047 1055 1117 legiones,
1068 1065 1114 1103 noo

294 1125 413 1178 tterrore
427 1128 472 1178 aut
486 1123 615 1195 promissis
630 1123 803 1179 demorentur.
839 1124 930 1189 Nobis,
948 1143 1028 1195 super
1045 1143 1113 1179 arma

316 1205 342 1255 et
354 1201 422 1256 viros
434 1206 460 1257 et
472 1202 574 1274 egregia
585 1206 726 1257 castrorum
737 1203 902 1267 munimenta,
914 1203 1077 1257 trumentum
1087 1209 1111 1258 et

316 1283 478 1346 commeatus,
491 1279 604 1351 quamvis
617 1279 694 1352 longo
705 1280 771 1335 bello
787 1298 868 1351 pares.
905 1280 1020 1334 Pecunia
1031 1298 1111 1349 nuper

316 1356 392 1410 etiam
405 1356 523 1411 donativo
540 1357 656 1411 suffecit:
675 1360 743 1429 quod
755 1358 808 1412 sive
823 1376 838 1411 a
852 1357 1017 1428 Vespasiano,
1031 1357 1111 1411 eirea

317 1432 427 1501 Vitellio,
451 1434 538 1489 datum
561 1434 723 1504 interpretari
745 1434 872 1497 mavultis,
894 1433 926 1489 ab
951 1433 1109 1504 imperatore

293 1515 385 1567 toarte
398 1512 513 1565 Romano
525 1511 665 1579 aooepietis.
712 1511 762 1566 'i'ot
773 1510 895 1567 bellorum
910 1510 1032 1575 victores,
1045 1510 1109 1579 apud

318 1590 464 1656 Geldubam,
486 1590 557 1662 apud
571 1591 674 1655 Vetera,
696 1590 755 1645 ineo
771 1590 849 1645 toties
869 1590 952 1654 hoste,
971 1590 996 1644 si
1012 1590 1109 1660 pavetis

317 1667 403 1739 aciem,
421 1667 553 1738 indiguum
572 1667 599 1721 id
619 1666 736 1738 quidem:
758 1666 803 1722 sed
823 1670 863 1723 eet
879 1666 973 1722 vallum
994 1667 1108 1736 murique

317 1756 344 1798 et
364 1744 480 1799 trahendi
498 1748 574 1811 artes,
592 1742 673 1799 donee
689 1762 704 1799 e
721 1744 842 1815 proximis
861 1742 999 1815 provinciis
1017 1743 1108 1799 auxilia

316 1820 492 1891 exercitusque
508 1825 667 1875 concurrant.
704 1821 771 1875 Sane
787 1839 836 1893 ego
853 1820 1006 1891 displioeam
1045 1820 1107 1875 Sunt

292 1896 359 1953 ealii
374 1897 474 1967 Legati,
490 1897 602 1963 tribuni,
621 1898 741 1953 Centurio
758 1897 873 1970 denique,
891 1900 936 1951 aut
951 1896 1034 1951 miles.
1069 1897 1108 1951 lt'e

316 1973 365 2029 hoe
380 1974 522 2045 prodigium
540 1978 596 2030 toto
614 1979 739 2030 terrarum
756 1974 817 2030 orbe
834 1974 961 2046 vulgetur,
979 1973 1055 2029 vobis
1071 1992 1108 2028 sa-

315 2050 447 2119 roffitibus,
460 2051 566 2107 Civilem
578 2054 604 2106 et
617 2051 757 2107 Classicum
769 2051 870 2106 Italiam
881 2051 1024 2105 invasuros.
1060 2054 1108 2115 An,

316 2130 338 2184 si
358 2128 391 2185 ad
411 2129 502 2186 moenia
521 2128 591 2185 urbis
612 2129 732 2185 Germani
752 2128 868 2200 Gallique
890 2128 1019 2192 duxerint,
1042 2145 1108 2182 arum

315 2207 404 2276 patrie
417 2206 553 2263 inferetis?
571 2205 670 2261 Horret
685 2205 783 2261 animus
801 2205 868 2260 tanti
881 2204 974 2276 flagitii
988 2204 1106 2276 imapno

292 2282 431 2339 tintorin'
449 2284 559 2339 Treuero
576 2286 686 2355 agentur
705 2282 838 2337 exoubirel
856 2265 963 2353 Signum
980 2280 1043 2337 belli
1060 2282 1106 2337 Ru

315 2363 391 2415 tavus
412 2360 501 2416 dabit?
520 2362 703 2423 Germanorum
721 2363 835 2414 catervas
853 2358 1024 2429 supplebitis?
1043 2358 1106 2417 Quis

317 2434 407 2491 deiude
427 2438 527 2494 seeleris
547 2437 651 2492 exitus?
669 2454 726 2492 eum
747 2436 868 2491 Romana
885 2435 999 2506 legiones
1019 2440 1107 2490 eontra

316 2512 468 2569 direxerint:
487 2513 628 2585 transfuga
640 2532 655 2568 e
670 2513 817 2585 transfugis,
829 2520 856 2568 et
870 2511 1012 2583 proditores
1024 2530 1040 2567 e
1051 2530 1106 2583 pro

316 2588 448 2654 ditoribus,
457 2590 525 2645 inter
537 2608 626 2645 reeens
638 2595 665 2645 et
677 2595 751 2645 vetus
763 2592 947 2645 sacramentum
956 2588 1034 2643 invisi
1045 2588 1106 2644 Deis

291 2664 451 2723 ter-rabitis?
469 2666 514 2729 Te,
534 2667 636 2738 Jupiter
656 2667 751 2737 optime
770 2666 886 2731 maxime,
906 2684 981 2737 quem
999 2683 1047 2735 per
1065 2684 1105 2721 oo

316 2741 446 2812 tingentos
471 2741 563 2811 viginti
587 2761 666 2797 annos
690 2747 731 2798 tot
755 2743 890 2814 triumphis
914 2742 1049 2805 noluimus,
1072 2749 1104 2807 te,

317 2816 433 2880 Quirine,
448 2816 569 2871 Romam
583 2836 674 2888 parens
687 2818 766 2884 urbis,
783 2838 872 2891 precor
886 2836 1053 2888 venerorque,
1066 2825 1103 2881 ut,

317 2892 340 2945 si
351 2892 422 2946 vobis
434 2910 486 2946 uon
500 2892 550 2947 tuit
564 2894 640 2959 oordi‚
653 2913 695 2950 me
708 2895 781 2951 Duoe
795 2895 849 2951 haec
863 2900 947 2951 eastra
959 2895 1104 2965 incorrupta

318 2972 345 3022 et
356 2969 506 3024 intemerata
517 2972 618 3039 servari,
627 2977 654 3027 at
663 2978 732 3028 oerte
743 2973 822 3044 pollui
833 2973 971 3045 sedarique
982 2990 998 3027 a
1009 2972 1103 3027 Tutore

319 3047 346 3099 et
358 3043 469 3101 Classico
481 3064 514 3101 ne
525 3046 620 3103 sinatis.
656 3048 784 3105 Militibus
795 3050 918 3108 Romania
929 3057 975 3105 aut
986 3049 1102 3106 innoeen-

1137 2115 1139 2212 l

1124 3121 1134 3242 l
