2575 3592
189 483 255 523 AAE
266 483 308 533 m]
372 422 622 471 HISTORIARUM
640 424 684 472 IV.
702 425 803 475 ³7-4o.
933 427 977 471 181

189 532 341 603 Vespasiani
369 532 493 605 legionem
517 534 676 600 deseruisset,
701 535 791 600 ablata,
815 537 845 589 ut
868 534 896 588 in
923 534 982 588 Plo-

188 610 257 665 tium
269 608 393 681 Griphum
404 612 591 667 transferretur.
622 614 721 667 Hormo
733 612 843 683 dignitas
855 612 1004 681 equestrisn

187 686 259 745 dete
294 687 330 742 ut
352 705 413 741 mox
437 688 551 759 ejurante
571 688 693 743 Frontino
717 691 800 744 (iasar
819 688 981 743 Domitianus

186 766 327 835 praeturam
343 764 418 833 oepit.
454 766 518 836 Ejus
532 784 623 821 nomen
636 766 750 838 epistolia
764 766 904 836 edictisque
918 784 981 835 prae·

187 843 341 914 minabatur,
353 844 392 900 ris
403 862 480 915 penes
491 845 638 900 Mucianum
651 850 713 910 erat,
723 846 772 900 nisi
784 845 851 916 quod
863 846 981 915 pleraque

187 920 362 985 Mantianns,
381 920 561 993 instigantibus
582 922 667 977 amicis
687 927 732 977 aut
750 922 851 993 propria
869 921 981 984 libidine,

187 996 309 1052 audebat.
345 998 395 1052 Sed
410 998 551 1069 precipuus
563 999 683 1053 Muciano
695 1003 778 1053 metus
795 1017 809 1053 e
826 998 913 1052 Primo
929 1000 1008 1051 Ant

189 1074 262 1129 tenio
286 1074 404 1145 Varoque
424 1075 507 1142 Arrio,
528 1094 590 1147 quos
610 1081 725 1130 recentes
748 1075 877 1145 clarosque
896 1093 981 1129 rerum

188 1152 259 1205 fama
273 1168 303 1206 ao
316 1151 424 1205 militnm
440 1151 531 1207 studiis
545 1152 622 1207 etiam
637 1152 745 1223 populus
759 1152 867 1219 fovebat,
883 1151 941 1223 quia
954 1151 982 1204 in

188 1228 319 1282 neminem
342 1228 410 1282 ultra
433 1228 512 1283 aciem
538 1229 679 1283 saevierant.
713 1229 750 1283 ut
773 1228 903 1282 ferebatur
929 1229 1004 1282 Aul

188 1304 280 1359 tonius
292 1304 480 1359 Scribonianum
492 1305 619 1371 Crassum,
633 1307 741 1378 egregiis
755 1306 941 1377 majoribusque
953 1312 981 1359 et

188 1383 307 1436 fraterne
321 1382 428 1453 imagine
444 1383 592 1455 fulgentem,
608 1384 640 1439 ad
656 1384 834 1456 capessendam
849 1402 903 1438 reru
919 1382 982 1455 pub·

189 1459 269 1513 licam
288 1458 410 1524 hortatus,
434 1459 502 1515 haud
526 1460 644 1516 defutura
667 1462 825 1517 consciorum
847 1479 931 1525 manu,
955 1460 983 1514 ni

193 1534 374 1590 Scribonianus
397 1536 533 1603 abnuisset,
557 1556 589 1593 ne
614 1540 710 1609 paratis
731 1538 833 1610 quidem
856 1537 983 1607 corrumpi

191 1612 283 1677 facilis,
303 1612 364 1667 adeo
383 1618 498 1669 metuens
519 1616 622 1671 incerta„
659 1616 745 1687 Igitur
761 1614 905 1680 Mucianus,
924 1615 1004 1684 quia5

193 1689 322 1760 propalam
338 1691 445 1761 opprimi
460 1692 587 1746 Antonius
603 1693 731 1765 nequibat,
746 1693 833 1747 multis
849 1692 877 1746 in
892 1695 983 1746 senatu

190 1766 310 1821 laudibus
336 1768 491 1822 cumulatum
516 1769 620 1825 secretis
646 1770 774 1841 promissis
799 1775 895 1834 onerat,
921 1770 984 1824 cite·

189 1844 286 1899 morem
305 1844 457 1915 Hispaniam
475 1849 606 1901 ostentans
627 1846 740 1902 discessu
758 1848 841 1901 Cluvii
861 1847 923 1901 Rufi
942 1864 984 1901 va·

191 1938 285 1986 cuam;
309 1921 386 1976 simul
410 1922 495 1977 amicis
519 1924 575 1995 ejus
601 1924 747 1979 tribunatus
771 1926 984 1995 preleeturasque

190 1998 308 2069 largitur.
344 1998 411 2053 Dein
426 2003 558 2071 postquam
575 2000 675 2057 inanem
690 2002 800 2055 animum
815 2020 859 2072 spe
874 2006 901 2055 et
916 2001 1006 2071 cupi-6

193 2074 253 2129 diue
268 2074 422 2145 impleverat,
435 2076 501 2131 vires
513 2077 595 2131 abolet
612 2077 714 2133 dimissa
728 2078 756 2131 in
769 2078 874 2133 hiberna
887 2077 985 2147 legione

193 2150 309 2220 septima,
325 2152 397 2222 cujus
412 2153 622 2223 flagrantissimus
637 2154 665 2208 in
680 2155 821 2209 Antonium
837 2172 914 2207 amor.
949 2153 984 2206 Et

192 2226 274 2283 tertia
288 2226 360 2298 legio,
373 2228 501 2285 furulieris
518 2232 593 2285 Arrio
610 2231 680 2285 Varo
695 2232 775 2296 miles,
791 2231 819 2284 in
835 2230 932 2301 Syriam
947 2248 985 2283 re-

192 2304 280 2361 missa
315 2304 378 2359 Pars
397 2306 522 2361 exercitus
542 2308 570 2361 in
590 2308 736 2363 Germanias
758 2307 906 2362 ducebatur.
944 2307 985 2362 Sic

192 2384 284 2451 egesto
300 2380 421 2452 quidquid
436 2383 573 2451 turbidum,
590 2383 657 2439 redit
672 2385 730 2439 urbi
747 2402 794 2439 sua
809 2384 890 2439 forma
906 2384 986 2456 leges-

193 2476 244 2528 que
256 2461 283 2513 et
296 2458 381 2513 munia
391 2460 594 2531 magistratuum.

230 2535 289 2593 Quo
307 2534 349 2590 die
367 2541 482 2599 senatum
499 2538 628 2609 ingressus
646 2542 686 2594 est
703 2538 874 2605 Domitianus,
894 2538 925 2593 de
944 2536 1031 2594 ab-40

195 2612 277 2665 sentia
287 2612 367 2682 patris
382 2612 517 2685 fratrisque
531 2633 560 2670 ac
572 2616 679 2687 juventa
692 2634 739 2671 sua
754 2634 835 2686 pauca
849 2622 875 2671 et
890 2616 988 2671 modica
1059 2628 1063 2634 '

196 2687 322 2753 disseruit,
344 2688 450 2744 decorus
468 2690 572 2759 habitu;
591 2696 625 2757 et,
647 2692 742 2764 ignotis
762 2692 845 2748 adhuc
866 2693 987 2753 moribus,

195 2763 284 2819 crebra
303 2766 353 2821 oris
374 2767 488 2821 confusio
508 2786 554 2839 pro
575 2768 699 2824 modestia
718 2770 900 2840 accipiebatur.
937 2768 1010 2822 Rea

195 2840 293 2895 ferente
311 2842 410 2899 Oesare
427 2844 459 2899 de
476 2846 640 2900 restituendis
660 2846 745 2901 Galbae
765 2847 913 2912 honoribus,
933 2862 989 2899 ceu-

193 2918 249 2973 suit
273 2917 377 2975 Curtius
400 2920 540 2977 Montanus
564 2927 593 2977 ut
617 2922 718 2977 Pisonis
745 2941 845 2993 quoque
869 2922 990 2976 memoria

192 2994 370 3053 celebraretur.
400 2998 491 3053 Patres
503 3004 639 3071 utrumque
648 2997 762 3069 jussere:
780 2998 813 3051 de
824 2996 918 3051 Pisone
932 2997 989 3051 irri-
