2575 3592
207 457 225 494 Λ
242 455 262 494 D
279 456 321 505 ⁰⁹]
396 394 646 444 HISTORIARUM
664 393 700 442 ΙΙ,
718 393 821 440 nst-40.
964 391 995 442 73

207 506 332 576 Philippis
349 505 442 560 eirium
458 506 587 578 legiones:
610 507 703 563 nedum
724 505 833 562 Othonis
852 521 881 560 ac
898 502 996 558 Vitellii

206 584 335 636 exercitus
350 588 442 653 sponte
457 585 566 654 posituri
581 587 674 642 bellum
691 585 794 640 luerint.
828 581 924 638 Eadem
939 579 997 635 illos

206 659 283 714 daiam
305 660 351 724 ira,
375 660 463 715 eadem
486 662 615 718 hominnm
643 663 733 728 rabies,
758 660 851 716 eaedem
874 659 998 714 scelerum
1041 671 1052 702 '-

206 755 290 792 censae
301 738 329 791 in
339 737 487 793 discordiam
499 758 581 811 egere.
617 741 695 800 Quod
704 739 810 811 singulis
822 737 892 792 velut
903 735 1020 791 ictibust

205 817 337 869 musaeu
358 820 420 870 snnt
443 815 516 881 bella,
540 817 642 889 ignaria
664 817 806 890 principum
828 815 925 870 facturn
949 817 996 868 est.

206 889 259 946 Sed
270 909 312 946 me
321 895 437 946 veterum
449 911 622 966 norommque
637 914 736 950 morum
752 891 880 964 reputatio
896 889 997 962 longius

205 967 286 1022 tulit:
303 987 372 1024 nune
383 969 416 1024 ad
427 989 511 1026 rerum
522 972 636 1028 ordinem
648 972 729 1027 venio.
989 1035 991 1039 ,

241 1047 363 1101 Proiecto
385 1047 526 1104 Brixellum
554 1050 656 1105 Othone
686 1050 767 1104 honor
794 1045 893 1118 imperii
920 1063 997 1116 penes
1005 1044 1042 1098 39

205 1122 336 1178 Titianum
347 1124 460 1190 fratrem,
473 1125 511 1180 vis
523 1144 553 1181 ac
563 1131 677 1198 potestas
693 1143 770 1197 penes
787 1123 923 1179 Proculum
934 1139 998 1193 pras·

205 1201 311 1255 lectum
349 1200 439 1256 Celsus
462 1206 489 1257 et
514 1203 645 1270 Paulinus,
671 1222 729 1258 cum
752 1200 887 1272 prudentia
910 1197 1021 1256 eorum2

204 1295 283 1333 nemo
298 1282 423 1340 umretur,
438 1279 506 1334 inani
517 1282 619 1336 nomine
630 1281 723 1336 dueum
736 1279 822 1334 aliene
838 1277 918 1348 culpa
935 1295 1000 1348 prae·

206 1355 387 1411 tendebantur.
423 1358 530 1414 Tribuni
553 1360 763 1430 centurionesque
784 1355 903 1427 ambigui,
923 1354 1019 1426 quod,8

207 1433 303 1504 spretis
322 1433 474 1501 melioribus,
493 1435 622 1491 deterrimi
643 1435 767 1492 valebant.
805 1433 882 1488 Miles
900 1431 998 1498 elnocr3

206 1510 255 1580 qui
281 1514 367 1565 tamen
388 1512 460 1581 jussa
487 1513 580 1568 docum
607 1513 770 1585 interpretari
793 1529 868 1582 quam
894 1509 998 1580 exsequi

205 1586 304 1642 mallet.
350 1588 497 1644 Promoveri
526 1590 558 1645 ad
582 1595 700 1661 quartum
730 1608 746 1644 a
769 1587 892 1644 Bedriaco
916 1588 1022 1642 emeras

206 1664 312 1736 placuit,
325 1663 388 1720 adeo
399 1666 515 1736 imperite
524 1672 563 1732 nt,
572 1683 802 1744 quanquamverno
814 1669 928 1736 tempore
940 1663 999 1718 enni

206 1746 236 1797 et
246 1746 289 1797 tot
300 1742 395 1798 circum
407 1743 530 1811 amnibus,
542 1745 648 1815 penuria
662 1763 733 1816 aquae
744 1743 921 1814 fatigarentur.
958 1741 1022 1796 Ibis

206 1820 242 1874 de
259 1819 345 1890 praelio
363 1819 514 1887 dubitatum,
533 1822 635 1877 Othone
652 1841 696 1893 per
715 1821 802 1876 literas
819 1819 951 1890 flagitante
968 1823 999 1874 ut

205 1901 374 1962 maturarent,
388 1897 510 1954 militibus
521 1903 552 1954 ut
568 1900 705 1971 imperator
722 1917 814 1970 pugnas
831 1897 931 1952 adesset
942 1915 999 1968 pos·

205 1973 334 2029 centibus.
370 1974 488 2045 Plerique
499 1976 585 2047 copias
600 1982 672 2031 trans
691 1975 788 2030 Padum
803 1979 907 2046 agentes
924 1972 1022 2029 acciriss

206 2050 380 2122 postulabant.
416 2052 473 2107 Nec
490 2053 594 2124 perinde
609 2052 740 2124 dijudicari
759 2055 844 2124 potest
860 2050 922 2121 qaid
933 2051 1000 2121 opti-

206 2146 279 2182 mum
294 2128 366 2183 iactu
383 2127 468 2196 luerit,
480 2149 556 2200 qnam
573 2132 709 2201 pessimum
725 2129 804 2184 fnisse
821 2127 889 2199 quod
903 2127 1000 2182 iactum

206 2208 259 2258 est.
292 2205 355 2259 Non
371 2209 402 2259 nt
419 2205 452 2260 ad
469 2225 580 2278 pugnam
603 2206 649 2262 sed
668 2207 700 2262 ad
722 2204 866 2261 bellandum
883 2203 1045 2275 profecti,40

206 2281 367 2338 confluentes
389 2283 454 2337 Padi
477 2288 505 2338 et
526 2283 626 2339 Addua
649 2283 788 2346 fluminum,
810 2281 918 2336 sedecim
942 2280 1001 2336 inde

206 2358 316 2413 millium
335 2360 419 2430 spatio
439 2359 571 2426 distentos,
592 2360 721 2432 petebant.
758 2359 832 2414 Celso
850 2363 877 2414 et
894 2358 1024 2414 Paulino²

207 2433 380 2491 abnuentibus
403 2437 509 2492 militem
532 2437 624 2492 itinere
641 2437 747 2502 fessum,
766 2435 871 2492 sarcinis
889 2455 1001 2508 gravem

207 2511 318 2582 objicere
336 2513 412 2581 besti,
430 2532 480 2568 non
499 2513 706 2586 admissumque
724 2513 806 2568 minus
824 2513 957 2584 expeditus
975 2518 1002 2568 et

210 2589 256 2644 rix
267 2594 379 2660 quatuor
387 2591 465 2645 millia
472 2610 593 2662 passuum
601 2609 758 2664 progressus,
769 2595 814 2646 aut
822 2590 1002 2662 incompositos

210 2664 239 2720 in
250 2667 358 2736 agmine,
371 2672 417 2722 aut
429 2667 556 2738 dispersos
567 2672 594 2723 ct
605 2669 698 2723 vallum
711 2668 843 2724 molientes
855 2667 1003 2739 aggredere·

210 2748 263 2806 tur,
275 2743 391 2799 litianns
407 2749 434 2800 et
451 2745 583 2810 Proculus,
596 2745 641 2801 ubi
657 2745 767 2800 consiliis
783 2745 952 2808 vincerentur,
971 2743 1003 2798 ad

208 2818 253 2890 jus
263 2819 362 2890 imperii
373 2822 524 2876 transibant.
559 2822 656 2878 Aderat
666 2841 726 2878 sane
738 2822 804 2877 citus
814 2838 879 2891 equo
891 2819 1025 2874 Numidae

210 2914 271 2952 eum
281 2899 411 2956 atrocibus
422 2899 555 2965 mandans,
574 2900 666 2972 quibas
683 2900 761 2968 Otho,
772 2897 896 2968 increpita
912 2895 1004 2950 ducum
