2575 3592
302 399 349 448 256
634 392 754 441 TACITI
1131 450 1132 480 1

279 509 434 582 tgeniorum
451 486 479 562 in
496 506 599 562 comitio
613 523 644 561 ac
668 504 722 559 toro
746 506 888 558 merentur.
925 501 1027 556 Scilicet
1046 501 1087 556 iilo

190 653 195 662 Ι
303 588 364 659 igne
384 604 471 640 vocem
485 582 574 654 populi
591 583 708 646 Romani,
727 585 754 636 et
771 581 913 636 libertatem
932 590 1046 643 senatus,
1063 585 1088 634 et

303 663 482 719 conscientiam
498 659 599 732 generis
615 659 719 714 humaui
734 658 829 713 aboleri
839 657 1037 717 arbitrabantur,
1049 675 1089 712 ex-

303 740 383 812 pulsis
395 740 499 809 insuper
510 735 844 807 sapientiaeprofessoribus,
857 740 934 806 utque
945 734 1015 788 omni
1027 733 1091 788 bona

304 822 359 872 arte
371 817 398 871 in
409 815 524 871 exsilium
536 821 599 878 octe,
612 832 645 868 ne
663 811 724 885 quid
736 831 841 882 usquam
858 812 994 866 honestum
1005 829 1091 866 occur·

281 899 380 948 tieret.
416 891 540 946 Dedimus
560 890 675 961 proiecto
693 889 789 960 grande
806 889 936 960 patientis
958 887 1092 944 documen·
1132 957 1133 962 Ἰ

305 975 360 1024 tum
373 990 380 1034 ;
398 973 424 1026 et
433 970 501 1023 sicut
513 971 587 1022 vetus
599 972 661 1022 setas
669 965 801 1037 viditquid
812 966 929 1020 ultimum
937 965 966 1018 in
974 964 1092 1020 libertate
1132 963 1133 970 ’

305 1049 380 1110 esset,
398 1044 436 1099 its
452 1062 499 1099 nos
517 1043 578 1116 quid
594 1044 623 1098 iu
638 1043 770 1106 servitute,
789 1041 906 1113 adempto
923 1061 969 1112 per
989 1042 1092 1114 inquisi-

304 1123 388 1177 tiones
400 1124 427 1176 et
438 1120 557 1192 loquendi
568 1119 737 1190 audiendique
751 1119 906 1174 commercio.
941 1118 1092 1174 Memoriam
1133 1116 1134 1154 i

305 1217 405 1270 quoque
417 1198 497 1269 ipsam
509 1215 567 1255 cnm
578 1215 639 1251 voce
651 1195 853 1267 perdidissemus,
866 1195 888 1250 si
900 1204 953 1249 tam
968 1195 994 1250 in
1005 1202 1092 1251 nostru

278 1276 433 1346 dpotestate
451 1279 519 1329 esset
537 1269 653 1328 oblivisci
672 1292 747 1343 quam
767 1278 858 1327 tacere.
895 1273 973 1327 Nunc
990 1272 1093 1328 demum

305 1351 372 1406 redit
391 1351 505 1416 unimus3
529 1354 556 1404 ct
577 1368 720 1420 quanquam
743 1349 825 1420 primo
848 1349 935 1404 statim
952 1348 1094 1405 beatissimi

304 1428 385 1486 seculi
407 1433 467 1483 ortu
487 1427 575 1482 Nerva
598 1426 683 1481 Cesar
702 1443 742 1481 res
765 1426 825 1480 olim
843 1425 1017 1482 dissociabiles
1036 1428 1094 1482 mis·

306 1505 395 1571 cuerit,
419 1503 588 1574 principatum
604 1521 633 1557 ac
651 1503 801 1570 libertatem,
818 1497 961 1574 sugeettiue
978 1503 1093 1574 quotidie

305 1582 453 1637 felicitatem
466 1585 609 1650 temporum
625 1579 712 1634 Nerva
726 1580 855 1651 bajanus,
871 1598 918 1635 nec
933 1598 1009 1648 spem
1021 1581 1094 1636 modo

306 1677 337 1714 sc
352 1663 440 1713 votum
455 1656 578 1712 securitas
594 1656 702 1728 publico,
718 1656 764 1712 sed
779 1657 859 1727 ipsius
871 1656 926 1712 voti
937 1657 1094 1714 fiducismac

306 1735 392 1801 robur,
411 1734 583 1804 assumpserit,
596 1738 690 1788 notum
706 1738 792 1790 tamen
806 1733 961 1788 infirmitatis
977 1733 1094 1791 humane
1135 1782 1136 1804 p

306 1811 419 1866 tardiora
429 1814 489 1864 sunt
501 1809 611 1865 remedie
621 1828 697 1880 quem
708 1811 788 1876 malu3
806 1815 833 1864 et
846 1815 876 1865 ut
888 1828 997 1880 corpora
1009 1817 1095 1868 nostre

307 1887 376 1942 lente
387 1894 536 1957 augescunt,
548 1887 599 1941 cito
611 1887 818 1959 exstinguuntur,
831 1887 868 1942 sic
879 1885 982 1958 ingenia
1001 1888 1095 1944 studia

283 1973 357 2034 tque
364 1962 517 2034 oppresseris
524 1962 622 2018 facilius
629 1982 707 2034 quam
714 1963 877 2019 revocaveris.
914 1963 991 2020 Subit
1001 1966 1096 2035 quippe

307 2040 385 2096 etiam
406 2039 486 2110 ipsius
509 2039 606 2095 inertise
618 2038 732 2108 dulcedo,
756 2043 783 2095 et
800 2039 882 2094 invisa
898 2039 981 2110 primo
1000 2041 1096 2096 desidis

307 2121 437 2189 postremo
448 2120 554 2172 ematur.
579 2115 657 2182 Quid,
666 2115 688 2171 si
697 2135 742 2187 per
753 2116 895 2187 quindecim
904 2134 992 2184 annos,
1001 2119 1096 2190 grande

307 2194 422 2250 mortuiis
442 2193 489 2249 ae'vi
509 2193 626 2264 spatium,
644 2193 720 2248 multi
736 2194 850 2248 fortmtis
869 2193 977 2260 casibus,
998 2213 1097 2267 psomp

284 2272 422 2326 &tissimus
433 2271 541 2342 quisque
551 2270 651 2325 seritis
662 2271 782 2342 principis
793 2269 1000 2326 interciderunt?
1019 2273 1099 2328 Peuci

308 2351 344 2414 et,
355 2352 385 2402 ut
402 2348 440 2402 ita
451 2347 563 2412 dixerim.
582 2365 635 2401 non
650 2346 725 2402 modo
742 2347 847 2402 eliorum
862 2346 908 2402 sed
924 2347 1006 2402 etism
1018 2349 1099 2404 nostri

309 2424 459 2493 superstites
477 2442 571 2488 sumus,
590 2423 714 2494 exemptis
738 2423 852 2479 emedia
873 2423 926 2478 vita
949 2427 993 2478 tot
1018 2425 1097 2489 mnis

310 2498 402 2568 quibus
418 2499 523 2570 juvenes
542 2499 574 2554 sd
593 2505 758 2566 senectutem,
779 2518 852 2555 senes
872 2518 951 2570 prope
973 2501 1009 2556 sd
1030 2501 1100 2572 ipsos

285 2579 405 2628 sexastae
423 2575 506 2629 aetatis
524 2575 645 2630 terminos
663 2595 709 2647 per
731 2577 859 2632 silentium
876 2576 1001 2632 venimus.
1038 2579 1101 2634 Non

309 2653 396 2704 tamen
414 2647 518 2719 pigebit,
533 2651 574 2705 vel
588 2651 718 2708 incondita
737 2671 767 2708 ao
787 2653 845 2708 rudi
862 2671 931 2718 voce,
950 2657 1100 2710 memoriam

309 2724 401 2794 prioris
413 2723 542 2780 servitutis
560 2744 589 2781 sc
601 2729 777 2794 testimonium
794 2731 957 2800 presentium
972 2730 1101 2788 bonorum

310 2799 490 2869 composuisse.
526 2800 579 2855 Hic
590 2802 691 2858 interim
704 2805 767 2860 liber
778 2806 868 2862 honori
880 2807 1007 2878 Agricola
1020 2811 1101 2866 soceri

309 2873 360 2926 mei
377 2873 525 2937 destinatus,
543 2877 700 2944 professione
723 2882 827 2952 pietatis
850 2889 895 2938 aut
912 2883 1035 2941 laudatus
1054 2887 1101 2942 cn't

310 2955 355 3002 eut
366 2957 510 3004 excusam.
