<?xml version="1.0" encoding="UTF-8"?>
<!DOCTYPE html PUBLIC "-//W3C//DTD XHTML 1.0 Transitional//EN"
    "http://www.w3.org/TR/xhtml1/DTD/xhtml1-transitional.dtd">
<html xmlns="http://www.w3.org/1999/xhtml" xml:lang="en" lang="en">
 <head>
  <title>
</title>
<meta http-equiv="Content-Type" content="text/html;charset=utf-8" />
  <meta name='ocr-system' content='tesseract 3.04.00' />
  <meta name='ocr-capabilities' content='ocr_page ocr_carea ocr_par ocr_line ocrx_word'/>
</head>
<body>
  <div class='ocr_page' id='page_1' title='image "./operaomniaadfid00tacigoog_0283.png"; bbox 0 0 2575 3592; ppageno 0'>
   <div class='ocr_carea' id='block_1_1' title="bbox 169 414 954 526">
    <p class='ocr_par' dir='ltr' id='par_1_1' title="bbox 169 414 954 526">
     <span class='ocr_line' id='line_1_1' title="bbox 169 414 954 526; baseline 0.008 -64"><span class='ocrx_word' id='word_1_1' title='bbox 169 477 279 526; x_wconf 54' lang='grc' dir='ltr'><strong>ΗΜ</strong></span> <span class='ocrx_word' id='word_1_2' title='bbox 411 414 594 464; x_wconf 78' lang='lat' dir='ltr'><strong>nonlconn</strong></span> <span class='ocrx_word' id='word_1_3' title='bbox 612 416 715 467; x_wconf 68' lang='lat' dir='ltr'><strong>:rs-sl.</strong></span> <span class='ocrx_word' id='word_1_4' title='bbox 907 418 954 468; x_wconf 81' lang='lat'><strong>277</strong></span> 
     </span>
    </p>
   </div>
   <div class='ocr_carea' id='block_1_2' title="bbox 157 525 1000 3052">
    <p class='ocr_par' dir='ltr' id='par_1_2' title="bbox 157 525 1000 3052">
     <span class='ocr_line' id='line_1_2' title="bbox 167 525 956 599; baseline 0 -17"><span class='ocrx_word' id='word_1_5' title='bbox 167 528 256 599; x_wconf 80' lang='lat' dir='ltr'>Igitur</span> <span class='ocrx_word' id='word_1_6' title='bbox 272 529 302 581; x_wconf 90' lang='lat' dir='ltr'><strong>ut</strong></span> <span class='ocrx_word' id='word_1_7' title='bbox 318 525 410 581; x_wconf 81' lang='lat' dir='ltr'><strong>Buturi</strong></span> <span class='ocrx_word' id='word_1_8' title='bbox 426 526 532 582; x_wconf 88' lang='lat' dir='ltr'><strong>miscere</strong></span> <span class='ocrx_word' id='word_1_9' title='bbox 548 527 623 591; x_wconf 84' lang='lat' dir='ltr'><strong>ictus,</strong></span> <span class='ocrx_word' id='word_1_10' title='bbox 640 526 717 582; x_wconf 89' lang='lat' dir='ltr'><strong>ferire</strong></span> <span class='ocrx_word' id='word_1_11' title='bbox 734 525 893 592; x_wconf 76' lang='lat' dir='ltr'>umbonibus,</span> <span class='ocrx_word' id='word_1_12' title='bbox 910 545 956 582; x_wconf 85' lang='lat' dir='ltr'><strong>ora</strong></span> 
     </span>
     <span class='ocr_line' id='line_1_3' title="bbox 166 603 956 676; baseline 0.001 -17"><span class='ocrx_word' id='word_1_13' title='bbox 166 603 271 669; x_wconf 71' lang='lat' dir='ltr'><strong>fedare,</strong></span> <span class='ocrx_word' id='word_1_14' title='bbox 289 607 316 658; x_wconf 91' lang='lat' dir='ltr'><strong>et</strong></span> <span class='ocrx_word' id='word_1_15' title='bbox 333 604 422 658; x_wconf 89' lang='lat' dir='ltr'><strong>stratis</strong></span> <span class='ocrx_word' id='word_1_16' title='bbox 441 604 485 674; x_wconf 91' lang='lat' dir='ltr'><strong>qui</strong></span> <span class='ocrx_word' id='word_1_17' title='bbox 502 604 529 658; x_wconf 91' lang='lat' dir='ltr'><strong>in</strong></span> <span class='ocrx_word' id='word_1_18' title='bbox 548 621 621 674; x_wconf 77' lang='lat' dir='ltr'><strong>aequo</strong></span> <span class='ocrx_word' id='word_1_19' title='bbox 638 603 796 670; x_wconf 66' lang='lat' dir='ltr'><strong>adstiterunt,</strong></span> <span class='ocrx_word' id='word_1_20' title='bbox 816 605 911 676; x_wconf 83' lang='lat' dir='ltr'><strong>erigere</strong></span> <span class='ocrx_word' id='word_1_21' title='bbox 928 605 956 660; x_wconf 86' lang='lat' dir='ltr'><strong>in</strong></span> 
     </span>
     <span class='ocr_line' id='line_1_4' title="bbox 166 681 955 752; baseline 0 -16"><span class='ocrx_word' id='word_1_22' title='bbox 166 681 245 737; x_wconf 89' lang='lat' dir='ltr'><strong>colles</strong></span> <span class='ocrx_word' id='word_1_23' title='bbox 262 681 340 736; x_wconf 90' lang='lat' dir='ltr'><strong>aciem</strong></span> <span class='ocrx_word' id='word_1_24' title='bbox 364 698 469 752; x_wconf 86' lang='lat' dir='ltr'><strong>coepere,</strong></span> <span class='ocrx_word' id='word_1_25' title='bbox 491 684 589 735; x_wconf 80' lang='lat' dir='ltr'><strong>ceterae</strong></span> <span class='ocrx_word' id='word_1_26' title='bbox 608 681 732 746; x_wconf 84' lang='lat' dir='ltr'><strong>cobortes,</strong></span> <span class='ocrx_word' id='word_1_27' title='bbox 753 681 910 736; x_wconf 75' lang='lat' dir='ltr'><strong>emulatione</strong></span> <span class='ocrx_word' id='word_1_28' title='bbox 929 685 955 736; x_wconf 89' lang='lat' dir='ltr'><strong>et</strong></span> 
     </span>
     <span class='ocr_line' id='line_1_5' title="bbox 165 757 957 829; baseline 0 -17"><span class='ocrx_word' id='word_1_29' title='bbox 165 759 268 827; x_wconf 88' lang='lat' dir='ltr'><strong>impetu</strong></span> <span class='ocrx_word' id='word_1_30' title='bbox 281 757 431 824; x_wconf 76' lang='lat' dir='ltr'><strong>commixtae,</strong></span> <span class='ocrx_word' id='word_1_31' title='bbox 443 757 570 827; x_wconf 83' lang='lat' dir='ltr'><strong>proximos</strong></span> <span class='ocrx_word' id='word_1_32' title='bbox 587 774 701 828; x_wconf 86' lang='lat' dir='ltr'><strong>quosque</strong></span> <span class='ocrx_word' id='word_1_33' title='bbox 716 757 824 814; x_wconf 81' lang='lat' dir='ltr'><strong>cedere:</strong></span> <span class='ocrx_word' id='word_1_34' title='bbox 843 776 873 813; x_wconf 85' lang='lat' dir='ltr'><strong>ac</strong></span> <span class='ocrx_word' id='word_1_35' title='bbox 884 757 957 829; x_wconf 83' lang='lat' dir='ltr'><strong>pleri·</strong></span> 
     </span>
     <span class='ocr_line' id='line_1_6' title="bbox 167 833 956 906; baseline 0 -18"><span class='ocrx_word' id='word_1_36' title='bbox 167 853 218 906; x_wconf 91' lang='lat' dir='ltr'><strong>que</strong></span> <span class='ocrx_word' id='word_1_37' title='bbox 230 834 368 889; x_wconf 71' lang='lat' dir='ltr'><strong>semineces</strong></span> <span class='ocrx_word' id='word_1_38' title='bbox 380 839 425 887; x_wconf 86' lang='lat' dir='ltr'><strong>eut</strong></span> <span class='ocrx_word' id='word_1_39' title='bbox 436 833 530 904; x_wconf 80' lang='lat' dir='ltr'><strong>integri</strong></span> <span class='ocrx_word' id='word_1_40' title='bbox 541 834 703 890; x_wconf 80' lang='lat' dir='ltr'><strong>festinatione</strong></span> <span class='ocrx_word' id='word_1_41' title='bbox 715 835 825 890; x_wconf 78' lang='lat' dir='ltr'><strong>victorie</strong></span> <span class='ocrx_word' id='word_1_42' title='bbox 833 835 956 906; x_wconf 88' lang='lat' dir='ltr'><strong>relinque-</strong></span> 
     </span>
     <span class='ocr_line' id='line_1_7' title="bbox 166 910 977 982; baseline 0.006 -16"><span class='ocrx_word' id='word_1_43' title='bbox 166 910 271 967; x_wconf 77' lang='lat' dir='ltr'><strong>bantur.</strong></span> <span class='ocrx_word' id='word_1_44' title='bbox 320 910 425 964; x_wconf 87' lang='lat' dir='ltr'><strong>interim</strong></span> <span class='ocrx_word' id='word_1_45' title='bbox 449 911 563 981; x_wconf 88' lang='lat' dir='ltr'><strong>equitum</strong></span> <span class='ocrx_word' id='word_1_46' title='bbox 586 915 678 966; x_wconf 83' lang='lat' dir='ltr'><strong>turmae</strong></span> <span class='ocrx_word' id='word_1_47' title='bbox 701 911 797 982; x_wconf 81' lang='lat' dir='ltr'><strong>lugere,</strong></span> <span class='ocrx_word' id='word_1_48' title='bbox 820 910 977 971; x_wconf 72' lang='lat' dir='ltr'><strong>covinnariiss</strong></span> 
     </span>
     <span class='ocr_line' id='line_1_8' title="bbox 166 987 956 1059; baseline 0.003 -18"><span class='ocrx_word' id='word_1_49' title='bbox 166 987 284 1058; x_wconf 86' lang='lat' dir='ltr'><strong>peditum</strong></span> <span class='ocrx_word' id='word_1_50' title='bbox 302 1005 330 1042; x_wconf 88' lang='lat' dir='ltr'><strong>se</strong></span> <span class='ocrx_word' id='word_1_51' title='bbox 347 987 432 1058; x_wconf 77' lang='lat' dir='ltr'><strong>praelio</strong></span> <span class='ocrx_word' id='word_1_52' title='bbox 449 987 579 1042; x_wconf 78' lang='lat' dir='ltr'><strong>miscuere.</strong></span> <span class='ocrx_word' id='word_1_53' title='bbox 615 989 651 1042; x_wconf 82' lang='lat' dir='ltr'><strong>Et</strong></span> <span class='ocrx_word' id='word_1_54' title='bbox 669 1006 812 1059; x_wconf 88' lang='lat' dir='ltr'><strong>quanquam</strong></span> <span class='ocrx_word' id='word_1_55' title='bbox 830 995 956 1044; x_wconf 82' lang='lat' dir='ltr'><strong>recentem</strong></span> 
     </span>
     <span class='ocr_line' id='line_1_9' title="bbox 165 1063 956 1137; baseline 0.001 -18"><span class='ocrx_word' id='word_1_56' title='bbox 165 1068 292 1119; x_wconf 88' lang='lat' dir='ltr'><strong>terrorem</strong></span> <span class='ocrx_word' id='word_1_57' title='bbox 303 1063 449 1129; x_wconf 87' lang='lat' dir='ltr'><strong>intulerant,</strong></span> <span class='ocrx_word' id='word_1_58' title='bbox 462 1063 546 1118; x_wconf 86' lang='lat' dir='ltr'><strong>densis</strong></span> <span class='ocrx_word' id='word_1_59' title='bbox 558 1068 644 1119; x_wconf 88' lang='lat' dir='ltr'><strong>tamen</strong></span> <span class='ocrx_word' id='word_1_60' title='bbox 656 1065 766 1119; x_wconf 85' lang='lat' dir='ltr'><strong>hostium</strong></span> <span class='ocrx_word' id='word_1_61' title='bbox 778 1065 918 1137; x_wconf 77' lang='lat' dir='ltr'><strong>agminibus</strong></span> <span class='ocrx_word' id='word_1_62' title='bbox 930 1074 956 1120; x_wconf 89' lang='lat' dir='ltr'><strong>ct</strong></span> 
     </span>
     <span class='ocr_line' id='line_1_10' title="bbox 164 1139 955 1213; baseline 0.003 -18"><span class='ocrx_word' id='word_1_63' title='bbox 164 1139 334 1211; x_wconf 77' lang='lat' dir='ltr'><strong>inequalitas</strong></span> <span class='ocrx_word' id='word_1_64' title='bbox 357 1140 418 1196; x_wconf 87' lang='lat' dir='ltr'><strong>locis</strong></span> <span class='ocrx_word' id='word_1_65' title='bbox 441 1139 585 1208; x_wconf 75' lang='lat' dir='ltr'><strong>haerebunt3</strong></span> <span class='ocrx_word' id='word_1_66' title='bbox 609 1141 761 1212; x_wconf 89' lang='lat' dir='ltr'><strong>minimeque</strong></span> <span class='ocrx_word' id='word_1_67' title='bbox 780 1141 798 1211; x_wconf 88' lang='lat'><em>†</em></span> <span class='ocrx_word' id='word_1_68' title='bbox 818 1151 955 1213; x_wconf 79' lang='lat' dir='ltr'><strong>equestres.</strong></span> 
     </span>
     <span class='ocr_line' id='line_1_11' title="bbox 165 1217 979 1288; baseline 0.004 -16"><span class='ocrx_word' id='word_1_69' title='bbox 165 1218 208 1273; x_wconf 86' lang='lat' dir='ltr'><strong>Ea</strong></span> <span class='ocrx_word' id='word_1_70' title='bbox 225 1217 295 1271; x_wconf 89' lang='lat' dir='ltr'><strong>enim</strong></span> <span class='ocrx_word' id='word_1_71' title='bbox 311 1235 404 1288; x_wconf 76' lang='lat' dir='ltr'><strong>pugne</strong></span> <span class='ocrx_word' id='word_1_72' title='bbox 420 1217 497 1272; x_wconf 76' lang='lat' dir='ltr'><strong>facies</strong></span> <span class='ocrx_word' id='word_1_73' title='bbox 515 1222 570 1272; x_wconf 85' lang='lat' dir='ltr'><strong>erat</strong></span> <span class='ocrx_word' id='word_1_74' title='bbox 587 1235 645 1272; x_wconf 90' lang='lat' dir='ltr'><strong>cum</strong></span> <span class='ocrx_word' id='word_1_75' title='bbox 662 1235 731 1287; x_wconf 76' lang='lat' dir='ltr'><strong>aegra</strong></span> <span class='ocrx_word' id='word_1_76' title='bbox 748 1217 793 1272; x_wconf 88' lang='lat' dir='ltr'><strong>diu</strong></span> <span class='ocrx_word' id='word_1_77' title='bbox 810 1223 855 1272; x_wconf 91' lang='lat' dir='ltr'><strong>aut</strong></span> <span class='ocrx_word' id='word_1_78' title='bbox 872 1225 979 1276; x_wconf 75' lang='lat' dir='ltr'><strong>stantes</strong></span> 
     </span>
     <span class='ocr_line' id='line_1_12' title="bbox 165 1293 955 1366; baseline 0 -17"><span class='ocrx_word' id='word_1_79' title='bbox 165 1293 246 1349; x_wconf 88' lang='lat' dir='ltr'><strong>simul</strong></span> <span class='ocrx_word' id='word_1_80' title='bbox 256 1311 379 1364; x_wconf 88' lang='lat' dir='ltr'><strong>equorum</strong></span> <span class='ocrx_word' id='word_1_81' title='bbox 395 1294 541 1365; x_wconf 86' lang='lat' dir='ltr'><strong>corporibus</strong></span> <span class='ocrx_word' id='word_1_82' title='bbox 556 1294 761 1366; x_wconf 86' lang='lat' dir='ltr'><strong>impellerentnr;</strong></span> <span class='ocrx_word' id='word_1_83' title='bbox 780 1313 809 1350; x_wconf 85' lang='lat' dir='ltr'><strong>ec</strong></span> <span class='ocrx_word' id='word_1_84' title='bbox 821 1313 887 1365; x_wconf 80' lang='lat' dir='ltr'><strong>saepe</strong></span> <span class='ocrx_word' id='word_1_85' title='bbox 899 1297 955 1366; x_wconf 81' lang='lat' dir='ltr'><strong>vagi</strong></span> 
     </span>
     <span class='ocr_line' id='line_1_13' title="bbox 164 1371 957 1442; baseline 0.001 -18"><span class='ocrx_word' id='word_1_86' title='bbox 164 1387 268 1435; x_wconf 89' lang='lat' dir='ltr'><strong>currus,</strong></span> <span class='ocrx_word' id='word_1_87' title='bbox 281 1371 396 1426; x_wconf 83' lang='lat' dir='ltr'><strong>exterriti</strong></span> <span class='ocrx_word' id='word_1_88' title='bbox 412 1371 468 1426; x_wconf 89' lang='lat' dir='ltr'><strong>sine</strong></span> <span class='ocrx_word' id='word_1_89' title='bbox 483 1371 624 1426; x_wconf 85' lang='lat' dir='ltr'><strong>rectoribus</strong></span> <span class='ocrx_word' id='word_1_90' title='bbox 640 1371 706 1442; x_wconf 85' lang='lat' dir='ltr'><strong>equi,</strong></span> <span class='ocrx_word' id='word_1_91' title='bbox 718 1375 749 1426; x_wconf 92' lang='lat' dir='ltr'><strong>ut</strong></span> <span class='ocrx_word' id='word_1_92' title='bbox 766 1390 890 1442; x_wconf 89' lang='lat' dir='ltr'><strong>quemque</strong></span> <span class='ocrx_word' id='word_1_93' title='bbox 906 1373 957 1426; x_wconf 88' lang='lat' dir='ltr'><strong>for-</strong></span> 
     </span>
     <span class='ocr_line' id='line_1_14' title="bbox 165 1446 1000 1514; baseline 0.001 -12"><span class='ocrx_word' id='word_1_94' title='bbox 165 1446 238 1502; x_wconf 93' lang='lat' dir='ltr'><strong>mido</strong></span> <span class='ocrx_word' id='word_1_95' title='bbox 254 1447 357 1514; x_wconf 82' lang='lat' dir='ltr'><strong>tulerat,</strong></span> <span class='ocrx_word' id='word_1_96' title='bbox 373 1451 531 1503; x_wconf 78' lang='lat' dir='ltr'><strong>transversos</strong></span> <span class='ocrx_word' id='word_1_97' title='bbox 548 1453 594 1503; x_wconf 86' lang='lat' dir='ltr'><strong>aut</strong></span> <span class='ocrx_word' id='word_1_98' title='bbox 612 1448 700 1503; x_wconf 83' lang='lat' dir='ltr'><strong>obvios</strong></span> <span class='ocrx_word' id='word_1_99' title='bbox 717 1447 885 1503; x_wconf 78' lang='lat' dir='ltr'><strong>incursabant.</strong></span> <span class='ocrx_word' id='word_1_100' title='bbox 921 1449 1000 1508; x_wconf 73' lang='lat' dir='ltr'><strong>ntes</strong></span> 
     </span>
     <span class='ocr_line' id='line_1_15' title="bbox 164 1523 956 1596; baseline 0 -18"><span class='ocrx_word' id='word_1_101' title='bbox 164 1523 294 1588; x_wconf 80' lang='lat' dir='ltr'><strong>Britanni,</strong></span> <span class='ocrx_word' id='word_1_102' title='bbox 316 1524 360 1596; x_wconf 89' lang='lat' dir='ltr'><strong>qni</strong></span> <span class='ocrx_word' id='word_1_103' title='bbox 383 1524 465 1580; x_wconf 85' lang='lat' dir='ltr'><strong>adhuc</strong></span> <span class='ocrx_word' id='word_1_104' title='bbox 483 1543 575 1596; x_wconf 71' lang='lat' dir='ltr'><strong>pugnae</strong></span> <span class='ocrx_word' id='word_1_105' title='bbox 598 1529 717 1596; x_wconf 80' lang='lat' dir='ltr'><strong>expertes</strong></span> <span class='ocrx_word' id='word_1_106' title='bbox 738 1543 836 1580; x_wconf 89' lang='lat' dir='ltr'><strong>summa</strong></span> <span class='ocrx_word' id='word_1_107' title='bbox 856 1523 956 1579; x_wconf 88' lang='lat' dir='ltr'><strong>collium</strong></span> 
     </span>
     <span class='ocr_line' id='line_1_16' title="bbox 164 1599 956 1671; baseline 0 -17"><span class='ocrx_word' id='word_1_108' title='bbox 164 1599 313 1655; x_wconf 86' lang='lat' dir='ltr'><strong>insederant</strong></span> <span class='ocrx_word' id='word_1_109' title='bbox 331 1604 357 1655; x_wconf 92' lang='lat' dir='ltr'><strong>et</strong></span> <span class='ocrx_word' id='word_1_110' title='bbox 374 1601 527 1671; x_wconf 74' lang='lat' dir='ltr'><strong>paucitatem</strong></span> <span class='ocrx_word' id='word_1_111' title='bbox 545 1606 689 1656; x_wconf 89' lang='lat' dir='ltr'><strong>nostrorum</strong></span> <span class='ocrx_word' id='word_1_112' title='bbox 707 1601 780 1656; x_wconf 79' lang='lat' dir='ltr'><strong>vacui</strong></span> <span class='ocrx_word' id='word_1_113' title='bbox 797 1600 956 1671; x_wconf 87' lang='lat' dir='ltr'><strong>spernebant,</strong></span> 
     </span>
     <span class='ocr_line' id='line_1_17' title="bbox 164 1676 956 1748; baseline -0.001 -16"><span class='ocrx_word' id='word_1_114' title='bbox 164 1676 274 1748; x_wconf 79' lang='lat' dir='ltr'><strong>degredi</strong></span> <span class='ocrx_word' id='word_1_115' title='bbox 288 1676 410 1747; x_wconf 76' lang='lat' dir='ltr'><strong>paulatim</strong></span> <span class='ocrx_word' id='word_1_116' title='bbox 427 1681 454 1733; x_wconf 89' lang='lat' dir='ltr'><strong>et</strong></span> <span class='ocrx_word' id='word_1_117' title='bbox 469 1678 601 1733; x_wconf 88' lang='lat' dir='ltr'><strong>circumire</strong></span> <span class='ocrx_word' id='word_1_118' title='bbox 616 1683 690 1748; x_wconf 84' lang='lat' dir='ltr'><strong>terge</strong></span> <span class='ocrx_word' id='word_1_119' title='bbox 706 1677 859 1732; x_wconf 88' lang='lat' dir='ltr'><strong>vincentium</strong></span> <span class='ocrx_word' id='word_1_120' title='bbox 878 1694 956 1747; x_wconf 78' lang='lat' dir='ltr'><strong>coepe</strong></span> 
     </span>
     <span class='ocr_line' id='line_1_18' title="bbox 163 1753 955 1826; baseline 0.001 -19"><span class='ocrx_word' id='word_1_121' title='bbox 163 1759 234 1819; x_wconf 86' lang='lat' dir='ltr'><strong>rant,</strong></span> <span class='ocrx_word' id='word_1_122' title='bbox 247 1753 275 1807; x_wconf 92' lang='lat' dir='ltr'><strong>ni</strong></span> <span class='ocrx_word' id='word_1_123' title='bbox 285 1753 312 1808; x_wconf 91' lang='lat' dir='ltr'><strong>id</strong></span> <span class='ocrx_word' id='word_1_124' title='bbox 323 1757 407 1824; x_wconf 86' lang='lat' dir='ltr'><strong>ipsum</strong></span> <span class='ocrx_word' id='word_1_125' title='bbox 416 1754 511 1809; x_wconf 86' lang='lat' dir='ltr'><strong>veritus</strong></span> <span class='ocrx_word' id='word_1_126' title='bbox 523 1754 642 1826; x_wconf 79' lang='lat' dir='ltr'><strong>Agricola</strong></span> <span class='ocrx_word' id='word_1_127' title='bbox 651 1758 760 1826; x_wconf 89' lang='lat' dir='ltr'><strong>quatuor</strong></span> <span class='ocrx_word' id='word_1_128' title='bbox 771 1754 884 1825; x_wconf 74' lang='lat' dir='ltr'><strong>equitinn</strong></span> <span class='ocrx_word' id='word_1_129' title='bbox 896 1753 955 1818; x_wconf 83' lang='lat' dir='ltr'><strong>alas,</strong></span> 
     </span>
     <span class='ocr_line' id='line_1_19' title="bbox 164 1829 956 1902; baseline 0.003 -18"><span class='ocrx_word' id='word_1_130' title='bbox 164 1830 200 1885; x_wconf 86' lang='lat' dir='ltr'><strong>ad</strong></span> <span class='ocrx_word' id='word_1_131' title='bbox 216 1829 303 1885; x_wconf 87' lang='lat' dir='ltr'><strong>subita</strong></span> <span class='ocrx_word' id='word_1_132' title='bbox 317 1829 377 1885; x_wconf 91' lang='lat' dir='ltr'><strong>belli</strong></span> <span class='ocrx_word' id='word_1_133' title='bbox 391 1835 510 1897; x_wconf 87' lang='lat' dir='ltr'><strong>retentes,</strong></span> <span class='ocrx_word' id='word_1_134' title='bbox 524 1831 683 1886; x_wconf 85' lang='lat' dir='ltr'><strong>venientibus</strong></span> <span class='ocrx_word' id='word_1_135' title='bbox 700 1831 866 1902; x_wconf 87' lang='lat' dir='ltr'><strong>opposuisset,</strong></span> <span class='ocrx_word' id='word_1_136' title='bbox 880 1848 956 1902; x_wconf 85' lang='lat' dir='ltr'><strong>quun·</strong></span> 
     </span>
     <span class='ocr_line' id='line_1_20' title="bbox 163 1907 957 1979; baseline 0 -17"><span class='ocrx_word' id='word_1_137' title='bbox 163 1911 247 1978; x_wconf 86' lang='lat' dir='ltr'><strong>toque</strong></span> <span class='ocrx_word' id='word_1_138' title='bbox 267 1907 376 1962; x_wconf 85' lang='lat' dir='ltr'><strong>ferocius</strong></span> <span class='ocrx_word' id='word_1_139' title='bbox 400 1913 599 1974; x_wconf 87' lang='lat' dir='ltr'><strong>accucurreraut,</strong></span> <span class='ocrx_word' id='word_1_140' title='bbox 619 1912 693 1962; x_wconf 84' lang='lat' dir='ltr'><strong>tento</strong></span> <span class='ocrx_word' id='word_1_141' title='bbox 717 1907 798 1963; x_wconf 84' lang='lat' dir='ltr'><strong>scrius</strong></span> <span class='ocrx_word' id='word_1_142' title='bbox 821 1907 907 1979; x_wconf 86' lang='lat' dir='ltr'><strong>pulsos</strong></span> <span class='ocrx_word' id='word_1_143' title='bbox 930 1907 957 1962; x_wconf 92' lang='lat' dir='ltr'><strong>in</strong></span> 
     </span>
     <span class='ocr_line' id='line_1_21' title="bbox 162 1982 978 2054; baseline 0 -17"><span class='ocrx_word' id='word_1_144' title='bbox 162 1983 257 2053; x_wconf 79' lang='lat' dir='ltr'><strong>fugam</strong></span> <span class='ocrx_word' id='word_1_145' title='bbox 268 1982 416 2053; x_wconf 83' lang='lat' dir='ltr'><strong>disjecisset.</strong></span> <span class='ocrx_word' id='word_1_146' title='bbox 452 1984 494 2038; x_wconf 94' lang='lat' dir='ltr'><strong>Ita</strong></span> <span class='ocrx_word' id='word_1_147' title='bbox 509 1985 640 2039; x_wconf 87' lang='lat' dir='ltr'><strong>consilium</strong></span> <span class='ocrx_word' id='word_1_148' title='bbox 656 1985 834 2039; x_wconf 87' lang='lat' dir='ltr'><strong>Britannorum</strong></span> <span class='ocrx_word' id='word_1_149' title='bbox 851 1985 878 2038; x_wconf 92' lang='lat' dir='ltr'><strong>in</strong></span> <span class='ocrx_word' id='word_1_150' title='bbox 888 1984 978 2054; x_wconf 81' lang='lat' dir='ltr'><strong>ipsos2</strong></span> 
     </span>
     <span class='ocr_line' id='line_1_22' title="bbox 165 2061 957 2131; baseline 0 -17"><span class='ocrx_word' id='word_1_151' title='bbox 165 2077 281 2123; x_wconf 84' lang='lat' dir='ltr'><strong>versum,</strong></span> <span class='ocrx_word' id='word_1_152' title='bbox 291 2064 492 2131; x_wconf 74' lang='lat' dir='ltr'><strong>transvectusque</strong></span> <span class='ocrx_word' id='word_1_153' title='bbox 503 2066 631 2131; x_wconf 71' lang='lat' dir='ltr'><strong>precepto</strong></span> <span class='ocrx_word' id='word_1_154' title='bbox 642 2061 713 2115; x_wconf 90' lang='lat' dir='ltr'><strong>ducis</strong></span> <span class='ocrx_word' id='word_1_155' title='bbox 725 2061 831 2116; x_wconf 84' lang='lat' dir='ltr'><strong>esrontc</strong></span> <span class='ocrx_word' id='word_1_156' title='bbox 843 2079 957 2130; x_wconf 83' lang='lat' dir='ltr'><strong>pugnan-</strong></span> 
     </span>
     <span class='ocr_line' id='line_1_23' title="bbox 163 2135 957 2192; baseline -0.004 0"><span class='ocrx_word' id='word_1_157' title='bbox 163 2137 236 2192; x_wconf 83' lang='lat' dir='ltr'><strong>tium</strong></span> <span class='ocrx_word' id='word_1_158' title='bbox 249 2135 295 2191; x_wconf 78' lang='lat' dir='ltr'><strong>alsa</strong></span> <span class='ocrx_word' id='word_1_159' title='bbox 311 2153 422 2192; x_wconf 84' lang='lat' dir='ltr'><strong>aversam</strong></span> <span class='ocrx_word' id='word_1_160' title='bbox 438 2137 549 2192; x_wconf 86' lang='lat' dir='ltr'><strong>hostium</strong></span> <span class='ocrx_word' id='word_1_161' title='bbox 565 2139 643 2192; x_wconf 84' lang='lat' dir='ltr'><strong>eciem</strong></span> <span class='ocrx_word' id='word_1_162' title='bbox 660 2138 780 2192; x_wconf 81' lang='lat' dir='ltr'><strong>invasere.</strong></span> <span class='ocrx_word' id='word_1_163' title='bbox 815 2137 881 2191; x_wconf 78' lang='lat' dir='ltr'><strong>Tum</strong></span> <span class='ocrx_word' id='word_1_164' title='bbox 896 2153 957 2190; x_wconf 89' lang='lat' dir='ltr'><strong>vero</strong></span> 
     </span>
     <span class='ocr_line' id='line_1_24' title="bbox 163 2211 955 2284; baseline 0 -18"><span class='ocrx_word' id='word_1_165' title='bbox 163 2211 319 2284; x_wconf 86' lang='lat' dir='ltr'><strong>patentibus</strong></span> <span class='ocrx_word' id='word_1_166' title='bbox 335 2213 397 2268; x_wconf 92' lang='lat' dir='ltr'><strong>locis</strong></span> <span class='ocrx_word' id='word_1_167' title='bbox 413 2213 508 2284; x_wconf 83' lang='lat' dir='ltr'><strong>grande</strong></span> <span class='ocrx_word' id='word_1_168' title='bbox 523 2221 550 2269; x_wconf 88' lang='lat' dir='ltr'><strong>et</strong></span> <span class='ocrx_word' id='word_1_169' title='bbox 566 2220 637 2268; x_wconf 88' lang='lat' dir='ltr'><strong>atrox</strong></span> <span class='ocrx_word' id='word_1_170' title='bbox 657 2213 834 2284; x_wconf 83' lang='lat' dir='ltr'><strong>spectaculum.</strong></span> <span class='ocrx_word' id='word_1_171' title='bbox 871 2212 955 2282; x_wconf 87' lang='lat' dir='ltr'><strong>Sequi,</strong></span> 
     </span>
     <span class='ocr_line' id='line_1_25' title="bbox 161 2288 955 2362; baseline -0.001 -17"><span class='ocrx_word' id='word_1_172' title='bbox 161 2289 311 2352; x_wconf 85' lang='lat' dir='ltr'><strong>vulnerare,</strong></span> <span class='ocrx_word' id='word_1_173' title='bbox 326 2295 512 2362; x_wconf 72' lang='lat' dir='ltr'><strong>cuperentque</strong></span> <span class='ocrx_word' id='word_1_174' title='bbox 528 2291 628 2346; x_wconf 86' lang='lat' dir='ltr'><strong>cosdem</strong></span> <span class='ocrx_word' id='word_1_175' title='bbox 644 2290 735 2346; x_wconf 86' lang='lat' dir='ltr'><strong>oblntis</strong></span> <span class='ocrx_word' id='word_1_176' title='bbox 752 2291 806 2345; x_wconf 75' lang='lat' dir='ltr'><strong>ediis</strong></span> <span class='ocrx_word' id='word_1_177' title='bbox 821 2288 955 2344; x_wconf 79' lang='lat' dir='ltr'><strong>trucidare.</strong></span> 
     </span>
     <span class='ocr_line' id='line_1_26' title="bbox 161 2365 977 2439; baseline 0.004 -16"><span class='ocrx_word' id='word_1_178' title='bbox 161 2369 232 2423; x_wconf 84' lang='lat' dir='ltr'><strong>Jam</strong></span> <span class='ocrx_word' id='word_1_179' title='bbox 256 2365 373 2432; x_wconf 88' lang='lat' dir='ltr'><strong>bostium,</strong></span> <span class='ocrx_word' id='word_1_180' title='bbox 397 2372 474 2438; x_wconf 91' lang='lat' dir='ltr'><strong>prout</strong></span> <span class='ocrx_word' id='word_1_181' title='bbox 496 2367 587 2438; x_wconf 90' lang='lat' dir='ltr'><strong>cuique</strong></span> <span class='ocrx_word' id='word_1_182' title='bbox 610 2369 738 2439; x_wconf 86' lang='lat' dir='ltr'><strong>ingenium</strong></span> <span class='ocrx_word' id='word_1_183' title='bbox 762 2372 823 2436; x_wconf 90' lang='lat' dir='ltr'><strong>erat,</strong></span> <span class='ocrx_word' id='word_1_184' title='bbox 849 2371 977 2427; x_wconf 71' lang='lat' dir='ltr'><strong>esslervaed</strong></span> 
     </span>
     <span class='ocr_line' id='line_1_27' title="bbox 161 2444 956 2515; baseline -0.004 -14"><span class='ocrx_word' id='word_1_185' title='bbox 161 2446 324 2501; x_wconf 81' lang='lat' dir='ltr'><strong>armatorum</strong></span> <span class='ocrx_word' id='word_1_186' title='bbox 336 2444 494 2514; x_wconf 88' lang='lat' dir='ltr'><strong>paucioribus</strong></span> <span class='ocrx_word' id='word_1_187' title='bbox 509 2450 583 2515; x_wconf 84' lang='lat' dir='ltr'><strong>terge</strong></span> <span class='ocrx_word' id='word_1_188' title='bbox 593 2450 723 2514; x_wconf 75' lang='lat' dir='ltr'><strong>prestare,</strong></span> <span class='ocrx_word' id='word_1_189' title='bbox 732 2445 836 2514; x_wconf 87' lang='lat' dir='ltr'><strong>quidam</strong></span> <span class='ocrx_word' id='word_1_190' title='bbox 848 2445 956 2508; x_wconf 84' lang='lat' dir='ltr'><strong>inermes</strong></span> 
     </span>
     <span class='ocr_line' id='line_1_28' title="bbox 160 2520 955 2576; baseline -0.003 0"><span class='ocrx_word' id='word_1_191' title='bbox 160 2522 239 2576; x_wconf 87' lang='lat' dir='ltr'><strong>ultro</strong></span> <span class='ocrx_word' id='word_1_192' title='bbox 254 2537 329 2574; x_wconf 87' lang='lat' dir='ltr'><strong>ruere</strong></span> <span class='ocrx_word' id='word_1_193' title='bbox 344 2538 373 2575; x_wconf 90' lang='lat' dir='ltr'><strong>ac</strong></span> <span class='ocrx_word' id='word_1_194' title='bbox 388 2539 416 2576; x_wconf 86' lang='lat' dir='ltr'><strong>se</strong></span> <span class='ocrx_word' id='word_1_195' title='bbox 431 2521 507 2575; x_wconf 90' lang='lat' dir='ltr'><strong>morti</strong></span> <span class='ocrx_word' id='word_1_196' title='bbox 523 2521 620 2575; x_wconf 82' lang='lat' dir='ltr'><strong>offerre.</strong></span> <span class='ocrx_word' id='word_1_197' title='bbox 657 2520 755 2576; x_wconf 85' lang='lat' dir='ltr'><strong>Passim</strong></span> <span class='ocrx_word' id='word_1_198' title='bbox 771 2538 840 2575; x_wconf 88' lang='lat' dir='ltr'><strong>arma</strong></span> <span class='ocrx_word' id='word_1_199' title='bbox 855 2524 881 2575; x_wconf 88' lang='lat' dir='ltr'><strong>et</strong></span> <span class='ocrx_word' id='word_1_200' title='bbox 899 2538 955 2575; x_wconf 88' lang='lat' dir='ltr'><strong>cor·</strong></span> 
     </span>
     <span class='ocr_line' id='line_1_29' title="bbox 160 2595 956 2671; baseline 0 -19"><span class='ocrx_word' id='word_1_201' title='bbox 160 2616 232 2671; x_wconf 91' lang='lat' dir='ltr'><strong>pora</strong></span> <span class='ocrx_word' id='word_1_202' title='bbox 249 2600 277 2652; x_wconf 80' lang='lat' dir='ltr'><strong>et</strong></span> <span class='ocrx_word' id='word_1_203' title='bbox 296 2597 370 2652; x_wconf 75' lang='lat' dir='ltr'><strong>laceri</strong></span> <span class='ocrx_word' id='word_1_204' title='bbox 389 2603 459 2652; x_wconf 87' lang='lat' dir='ltr'><strong>artus</strong></span> <span class='ocrx_word' id='word_1_205' title='bbox 480 2602 507 2652; x_wconf 85' lang='lat' dir='ltr'><strong>et</strong></span> <span class='ocrx_word' id='word_1_206' title='bbox 526 2604 631 2653; x_wconf 84' lang='lat' dir='ltr'><strong>eruente</strong></span> <span class='ocrx_word' id='word_1_207' title='bbox 651 2598 758 2664; x_wconf 88' lang='lat' dir='ltr'><strong>humus;</strong></span> <span class='ocrx_word' id='word_1_208' title='bbox 776 2602 803 2652; x_wconf 90' lang='lat' dir='ltr'><strong>ct</strong></span> <span class='ocrx_word' id='word_1_209' title='bbox 823 2595 956 2668; x_wconf 86' lang='lat' dir='ltr'><strong>aliquando</strong></span> 
     </span>
     <span class='ocr_line' id='line_1_30' title="bbox 159 2674 979 2746; baseline 0.001 -14"><span class='ocrx_word' id='word_1_210' title='bbox 159 2675 245 2732; x_wconf 83' lang='lat' dir='ltr'><strong>etism</strong></span> <span class='ocrx_word' id='word_1_211' title='bbox 261 2674 338 2728; x_wconf 82' lang='lat' dir='ltr'><strong>victis</strong></span> <span class='ocrx_word' id='word_1_212' title='bbox 355 2674 393 2728; x_wconf 90' lang='lat' dir='ltr'><strong>ira</strong></span> <span class='ocrx_word' id='word_1_213' title='bbox 408 2675 547 2746; x_wconf 80' lang='lat' dir='ltr'><strong>virtusque</strong></span> <span class='ocrx_word' id='word_1_214' title='bbox 581 2674 720 2745; x_wconf 83' lang='lat' dir='ltr'><strong>Postquam</strong></span> <span class='ocrx_word' id='word_1_215' title='bbox 736 2674 805 2730; x_wconf 87' lang='lat' dir='ltr'><strong>silvis</strong></span> <span class='ocrx_word' id='word_1_216' title='bbox 824 2675 979 2746; x_wconf 78' lang='lat' dir='ltr'><strong>uppropin-4</strong></span> 
     </span>
     <span class='ocr_line' id='line_1_31' title="bbox 159 2750 956 2825; baseline -0.005 -18"><span class='ocrx_word' id='word_1_217' title='bbox 159 2756 320 2825; x_wconf 80' lang='lat' dir='ltr'><strong>quererent,</strong></span> <span class='ocrx_word' id='word_1_218' title='bbox 336 2751 436 2806; x_wconf 87' lang='lat' dir='ltr'><strong>collecti</strong></span> <span class='ocrx_word' id='word_1_219' title='bbox 451 2750 545 2822; x_wconf 88' lang='lat' dir='ltr'><strong>primos</strong></span> <span class='ocrx_word' id='word_1_220' title='bbox 562 2752 731 2821; x_wconf 84' lang='lat' dir='ltr'><strong>sequentium,</strong></span> <span class='ocrx_word' id='word_1_221' title='bbox 746 2751 862 2806; x_wconf 80' lang='lat' dir='ltr'><strong>incantos</strong></span> <span class='ocrx_word' id='word_1_222' title='bbox 880 2755 906 2804; x_wconf 92' lang='lat' dir='ltr'><strong>et</strong></span> <span class='ocrx_word' id='word_1_223' title='bbox 920 2751 956 2804; x_wconf 92' lang='lat' dir='ltr'><strong>lc·</strong></span> 
     </span>
     <span class='ocr_line' id='line_1_32' title="bbox 157 2827 956 2899; baseline -0.005 -15"><span class='ocrx_word' id='word_1_224' title='bbox 157 2847 256 2888; x_wconf 89' lang='lat' dir='ltr'><strong>corum</strong></span> <span class='ocrx_word' id='word_1_225' title='bbox 279 2829 388 2899; x_wconf 84' lang='lat' dir='ltr'><strong>ignaros,</strong></span> <span class='ocrx_word' id='word_1_226' title='bbox 413 2827 648 2884; x_wconf 80' lang='lat' dir='ltr'><strong>circumvenicbunt.</strong></span> <span class='ocrx_word' id='word_1_227' title='bbox 692 2827 768 2888; x_wconf 78' lang='lat' dir='ltr'><strong>Quod</strong></span> <span class='ocrx_word' id='word_1_228' title='bbox 789 2829 815 2882; x_wconf 93' lang='lat' dir='ltr'><strong>ni</strong></span> <span class='ocrx_word' id='word_1_229' title='bbox 838 2828 956 2897; x_wconf 86' lang='lat' dir='ltr'><strong>frequens</strong></span> 
     </span>
     <span class='ocr_line' id='line_1_33' title="bbox 157 2903 957 2976; baseline -0.005 -14"><span class='ocrx_word' id='word_1_230' title='bbox 157 2907 264 2975; x_wconf 88' lang='lat' dir='ltr'><strong>ubique</strong></span> <span class='ocrx_word' id='word_1_231' title='bbox 275 2905 394 2976; x_wconf 80' lang='lat' dir='ltr'><strong>Agricola</strong></span> <span class='ocrx_word' id='word_1_232' title='bbox 409 2904 503 2959; x_wconf 81' lang='lat' dir='ltr'><strong>validae</strong></span> <span class='ocrx_word' id='word_1_233' title='bbox 515 2909 542 2959; x_wconf 89' lang='lat' dir='ltr'><strong>et</strong></span> <span class='ocrx_word' id='word_1_234' title='bbox 554 2904 683 2974; x_wconf 84' lang='lat' dir='ltr'><strong>expeditus</strong></span> <span class='ocrx_word' id='word_1_235' title='bbox 700 2905 816 2959; x_wconf 82' lang='lat' dir='ltr'><strong>cohortes</strong></span> <span class='ocrx_word' id='word_1_236' title='bbox 832 2903 957 2974; x_wconf 81' lang='lat' dir='ltr'><strong>indaginis</strong></span> 
     </span>
     <span class='ocr_line' id='line_1_34' title="bbox 157 2977 956 3052; baseline -0.004 -14"><span class='ocrx_word' id='word_1_237' title='bbox 157 2981 252 3047; x_wconf 85' lang='lat' dir='ltr'><strong>modo,</strong></span> <span class='ocrx_word' id='word_1_238' title='bbox 265 2985 293 3036; x_wconf 90' lang='lat' dir='ltr'><strong>et</strong></span> <span class='ocrx_word' id='word_1_239' title='bbox 303 2981 384 3037; x_wconf 69' lang='lat' dir='ltr'><strong>neubi</strong></span> <span class='ocrx_word' id='word_1_240' title='bbox 399 2984 508 3038; x_wconf 86' lang='lat' dir='ltr'><strong>arctiora</strong></span> <span class='ocrx_word' id='word_1_241' title='bbox 518 2985 598 3048; x_wconf 88' lang='lat' dir='ltr'><strong>erant,</strong></span> <span class='ocrx_word' id='word_1_242' title='bbox 609 2986 706 3052; x_wconf 77' lang='lat' dir='ltr'><strong>purtem</strong></span> <span class='ocrx_word' id='word_1_243' title='bbox 719 2977 840 3052; x_wconf 85' lang='lat' dir='ltr'><strong>equitnm,</strong></span> <span class='ocrx_word' id='word_1_244' title='bbox 848 2979 956 3035; x_wconf 74' lang='lat' dir='ltr'><strong>ffindssis</strong></span> 
     </span>
    </p>
   </div>
   <div class='ocr_carea' id='block_1_3' title="bbox 0 0 1292 3592">
    <p class='ocr_par' dir='ltr' id='par_1_3' title="bbox 0 0 1292 3592">
     <span class='ocr_line' id='line_1_35' title="bbox 0 0 1292 3592; baseline 0 5"><span class='ocrx_word' id='word_1_245' title='bbox 0 0 1292 3592; x_wconf 95' lang='lat' dir='ltr'><strong> </strong></span> 
     </span>
    </p>
   </div>
  </div>
 </body>
</html>
