2575 3592
193 475 252 516 Η
269 475 313 523 ⁶9]
365 411 615 461 HISTORIARUM
633 411 678 459 lV.
696 413 797 458 18-20.
936 409 983 459 169

193 531 226 579 ut
235 525 318 579 acrius
330 528 496 591 exposcerent
509 542 565 595 quae
577 524 690 579 sciebant
698 525 859 594 negaturum.
893 521 986 591 Spreto

190 602 288 656 Flacco
299 600 444 657 inferiorem
456 602 618 656 Germaniam
630 600 751 671 petivere,
764 603 795 655 ut
807 598 882 653 Civili
893 599 987 670 junge·

191 683 295 735 rentur.
330 677 502 743 Hordeonius,
518 678 636 733 adhibitis
654 677 765 732 tribunis
782 675 986 732 centurionibus-

193 774 255 825 que,
263 754 416 812 comultavit
428 774 490 809 num
501 754 651 826 obsequium
663 754 803 809 abnuentes
811 753 838 808 ri
849 757 984 808 eoireeret.

192 832 261 889 Mox
273 832 351 899 insita
363 832 465 903 ignavia
476 836 503 887 et
514 832 620 903 trepidis
632 832 762 897 ministris,
776 849 839 902 quos
852 830 1010 902 ambiguust

192 908 349 965 auxiliorum
365 909 464 963 animus
480 914 506 964 et
521 908 606 964 subito
622 909 723 964 delectu
740 908 863 980 supplete
874 907 986 979 legiones

192 986 332 1058 angebant,
346 986 438 1041 statuit
455 986 584 1041 continere
601 987 670 1041 intra
687 989 771 1041 cestra
786 986 908 1041 militem:
927 984 988 1039 dein
1059 979 1063 988 “

192 1064 351 1135 paenitentia,
364 1068 391 1117 et
403 1063 574 1133 arguentibus.
581 1064 642 1134 ipsis
656 1065 699 1134 qui
711 1067 851 1131 suaserant,
862 1067 984 1133 tunquam

193 1146 340 1204 secuturus,
349 1140 451 1211 scripsit
459 1140 590 1195 Herennio
599 1140 679 1205 Gallo,
687 1139 988 1211 legionisprimaelegato,

194 1218 241 1287 qui
253 1218 368 1271 Bonnam
380 1217 518 1283 obtinebat,
532 1222 562 1271 nt
579 1221 676 1271 arceret
687 1216 798 1271 transitu
813 1216 940 1271 Batavos:
958 1234 987 1271 se

194 1312 256 1349 cum
283 1294 397 1349 exercitu
424 1295 503 1365 tergis
528 1312 614 1349 eorum
638 1294 774 1349 hoesurnm.
820 1294 856 1348 ltt
879 1293 1010 1365 opprimit

194 1374 324 1441 poterant,
338 1370 360 1425 si
371 1371 429 1425 hinc
442 1370 612 1438 Hordeonius,
625 1370 684 1425 inde
696 1370 793 1435 Gallus,
806 1370 882 1424 motis
896 1370 987 1424 utrim-

197 1466 249 1518 que
257 1448 345 1518 copiis,
354 1448 448 1513 medios
457 1448 613 1503 clausissent.
641 1447 747 1503 Flaccus
756 1446 841 1501 omisit
849 1447 987 1517 inceptum,

197 1524 304 1595 eliisqne
320 1524 400 1579 literis
421 1525 521 1580 Gallum
544 1525 643 1580 monuit
663 1543 696 1579 ne
719 1529 828 1579 terreret
855 1523 985 1578 abeuntes.

197 1600 275 1657 Unde
287 1602 395 1673 suspicio
408 1607 497 1673 sponte
506 1602 648 1673 legatorum
656 1602 764 1656 excitari
774 1601 1010 1665 bellum,cnncta-5

196 1696 247 1751 quc
260 1698 316 1750 quar
328 1678 471 1734 aesiderant
482 1684 527 1733 aut
539 1678 725 1746 metuebantur,
737 1679 891 1733 nominertia
899 1678 985 1733 militis

194 1774 280 1828 neque
296 1756 447 1811 hostiumri
462 1756 508 1811 sed
523 1756 612 1811 froude
630 1755 724 1811 ducum
742 1756 851 1811 evenire.
885 1756 985 1823 Batavi,
993 1754 1031 1809 20
1075 1792 1083 1804 Δ.

193 1852 252 1889 oum
266 1833 358 1889 castris
370 1833 548 1898 Bonnensibus
559 1832 766 1905 propinquarent,
783 1834 926 1905 praemisere
942 1834 987 1905 qui

193 1910 328 1966 Herennio
341 1908 414 1965 Gallo
426 1908 545 1965 mandata
560 1910 703 1965 cohortium
714 1916 859 1981 exponeret.
895 1914 911 1941 “
922 1910 986 1965 Nul-

193 1988 249 2043 lum
267 1986 316 2043 sibi
331 1986 425 2041 bellum
444 1985 565 2041 adversus
581 1987 718 2052 Romanos,
735 2006 781 2059 pro
799 1988 891 2059 quibus
908 1988 986 2043 toties

192 2064 348 2119 belldssent:
366 2062 444 2133 longa
455 2068 531 2134 atque
540 2063 613 2127 inita
623 2064 716 2119 militia
726 2064 801 2119 fessis
809 2064 898 2135 petria
910 2068 988 2135 atque

192 2140 244 2212 otii
255 2140 398 2211 cupidinem
410 2158 473 2195 esse,
510 2140 537 2195 Si
548 2158 622 2195 nemo
638 2140 781 2206 obsisteret,
794 2142 926 2197 innoxium
937 2141 988 2194 iter

193 2217 267 2273 fore:
298 2217 338 2287 sin
360 2235 430 2271 armo
456 2221 599 2282 occurrant,
623 2218 691 2273 ferro
719 2218 785 2272 riam
812 2218 999 2272 inventuros.''·

194 2295 368 2349 Cunctantem
396 2294 509 2365 legatum
538 2293 631 2349 milites
659 2295 829 2366 perpulerant,
858 2294 1010 2349 fortunent

192 2370 277 2443 praelii
298 2370 464 2440 experiretur.
499 2371 559 2425 Tria
578 2370 658 2425 millia
679 2370 873 2442 legionariorum
896 2376 923 2426 et
946 2376 987 2427 tu·

193 2447 340 2503 multnariae
358 2433 496 2519 belgarum
516 2448 640 2513 cohortes,
661 2448 737 2503 simul
754 2466 908 2519 paganomm
925 2449 986 2505 lixa-

194 2542 304 2595 rumque
327 2524 426 2596 ignavc,
452 2524 498 2579 sed
520 2542 614 2595 procax
637 2529 697 2579 ante
721 2526 867 2596 periculmn,
887 2546 985 2593 manus,

195 2601 313 2657 omnibns
331 2602 412 2672 portis
428 2606 558 2671 rumpunt,
577 2606 607 2655 nt
626 2602 739 2657 Batavos
755 2621 860 2658 numero
877 2604 984 2675 impares

195 2678 408 2734 circumfundant.
445 2678 495 2753 Illi,
520 2682 619 2733 veteres
640 2678 743 2744 militia,
765 2680 792 2735 in
812 2699 905 2745 cuneos
929 2689 1009 2735 con-8

195 2759 343 2825 gregantur,
357 2755 429 2809 densi
442 2754 553 2826 undique
567 2759 594 2810 ct
610 2756 720 2820 frqntern
736 2761 858 2828 tergaque
875 2776 904 2812 ae
919 2757 987 2821 latus

194 2831 257 2887 tnti.
294 2832 336 2887 Sic
356 2836 459 2887 tenuem
478 2836 622 2887 nostrorum
640 2834 719 2887 eciem
737 2835 904 2906 perfringunt.
941 2834 989 2887 Oe

197 2908 319 2965 dentibus
342 2909 431 2981 Belgis
454 2910 557 2981 pellitur
584 2909 659 2981 legio,
683 2916 710 2977 et
732 2912 826 2966 vallum
851 2914 988 2981 portasque

194 2986 291 3058 trepidi
303 2986 431 3059 petebant.
467 2986 510 3041 Ibi
526 2986 663 3057 plurimum
674 2986 770 3043 eladis:
788 2986 924 3043 enmulatae
936 3005 990 3063 cor-

1149 2887 1151 2933 ι

1149 2937 1151 3000 l
