2575 3592
377 381 630 430 fflsroulsltuu
649 381 702 429 111.
720 380 808 429 9—11.
936 382 983 431 11⁸

189 448 217 485 Δ.
227 445 254 485 D.
264 444 308 494 δὲ]

187 513 239 566 que
250 494 356 566 vulgum
367 496 436 548 artes
445 495 472 547 et
481 492 628 549 auctorum
664 491 719 547 Ubi
727 490 875 547 crudescere
884 491 1007 559 aeditimo

186 578 215 629 et
229 590 246 626 a
259 570 379 626 conviciis
394 588 424 625 ac
441 570 541 641 probris
559 570 592 625 ad
609 570 662 626 tela
679 574 706 625 et
724 588 814 624 manus
832 570 983 636 transibant,
1096 630 1100 635 ,
1131 574 1132 579 ’

185 648 259 720 injici
276 653 379 703 catenus
393 647 514 703 Flaviano
528 647 609 719 jubet.
647 648 732 702 Sensit
749 646 886 702 ludibrium
905 647 984 718 miles,

187 725 355 797 disiectisque
375 724 419 796 qui
440 724 552 784 tribunal
574 724 721 790 tuebantur,
743 728 858 779 extrema
880 724 919 779 vis
939 742 984 796 pa*

187 803 303 859 sabatur.
338 802 468 873 Opposuit
488 802 571 856 dnum
588 802 726 866 Antonius,
746 802 837 857 stricto
856 801 930 867 ferro,
941 804 1008 856 auto

186 880 300 936 militum
323 897 351 935 se
374 878 492 934 manibus
516 889 562 933 ant
584 880 638 934 aruis
657 879 808 935 moriturum
832 878 986 944 obtestaus3

186 963 359 1028 utquomque
373 961 465 1011 notum
485 959 513 1010 ct
530 956 615 1027 aliquo
627 956 733 1011 militari
753 956 844 1011 decore
861 956 987 1029 insignem

188 1039 333 1105 aspexerat,
357 1033 391 1088 ad
414 1032 543 1087 ferendam
574 1052 648 1105 opem
677 1034 779 1089 nominc
808 1034 886 1088 ciens.
922 1034 1009 1093 Mox?

188 1131 328 1169 conversus
346 1112 467 1185 adsigna
487 1116 515 1166 et
533 1112 658 1167 bellorum
679 1113 748 1177 deos,
770 1112 881 1167 hostium
902 1116 987 1183 potius

188 1189 347 1245 exercitibus
367 1188 437 1244 illum
457 1190 577 1255 furorem,
598 1190 667 1245 illam
687 1188 836 1245 discordiam
856 1190 988 1260 injicerent

189 1266 290 1332 orabat,
307 1264 388 1320 donec
404 1265 535 1320 fatisceret
551 1265 650 1333 seditio,
672 1271 706 1332 et,
727 1270 840 1320 extremo
861 1266 913 1337 jam
937 1264 988 1330 die,

190 1361 241 1399 sua
253 1342 360 1412 quisque
371 1342 398 1397 in
408 1343 519 1397 tentoria
530 1342 709 1398 dilaberentur.
745 1343 880 1397 Proiectus
901 1342 1010 1397 cadens

192 1424 274 1474 nocte
298 1418 432 1473 Flavianus
461 1419 543 1475 obviis
566 1420 718 1492 Vespasiani
741 1420 821 1474 literis
851 1418 989 1473 discrimini

193 1499 331 1566 exemptus
343 1500 390 1551 eat.
425 1496 560 1568 Legiones,
573 1498 645 1552 velut
662 1498 722 1553 tabe
738 1498 847 1562 iniectae,
861 1497 989 1567 Aponium
998 1498 1032 1559 ll

195 1573 371 1638 Saturninum,
396 1574 498 1629 bloesici
527 1575 654 1629 exercitus
680 1574 801 1647 legatum,
825 1590 855 1629 eo
879 1573 990 1629 atrocius

193 1649 386 1723 aggrediuntur,
412 1650 480 1721 quod
502 1668 561 1717 nou,
585 1655 617 1706 ut
640 1652 719 1723 priua,
744 1651 829 1706 labore
859 1655 886 1706 et
914 1668 990 1723 opere

192 1727 276 1792 fassa
301 1727 348 1782 aed
370 1727 454 1782 medio
477 1726 528 1783 diei
557 1734 713 1797 exarserant,
737 1728 848 1799 vulgetis
876 1728 989 1800 epistolis

193 1822 259 1876 quas
283 1804 437 1858 Saturninus
460 1804 494 1859 ad
520 1805 650 1860 Vitellium
674 1804 806 1877 scripsisse
831 1805 993 1869 credebatur,

192 1882 235 1938 Ut
259 1881 319 1935 olim
341 1881 447 1936 virtutis
469 1881 658 1953 modesticque,
681 1887 745 1937 tunc
773 1883 935 1953 procacitatis
965 1887 1016 1937 eta

193 1958 347 2031 petulantias
357 1962 560 2024 penmanent,
577 1979 610 2014 ue
622 1962 707 2015 minus
725 1960 849 2015 violenter
864 1960 993 2031 Aponium

195 2054 274 2106 quam
294 2034 442 2089 Maiarum
459 2035 492 2089 ad
510 2036 662 2107 supplicium
681 2038 853 2108 deposcerent.
890 2037 993 2107 Quippe

195 2112 311 2168 Moesicse
322 2112 436 2184 legiones
448 2113 589 2184 adjutama
603 2132 631 2169 se
649 2115 852 2170 Pannonicorum
870 2114 992 2169 ultionem

197 2190 347 2255 referentes,
370 2194 396 2245 et
419 2190 568 2257 Pannonici,
586 2192 658 2247 velut
677 2192 869 2247 absolverentur
887 2191 994 2245 aliorum

197 2265 333 2331 seditione,
354 2266 447 2323 iterare
471 2268 571 2339 culpam
594 2269 747 2342 gaudebant.
783 2269 817 2323 In
845 2268 941 2336 hortos,
967 2268 1016 2327 int

196 2344 292 2417 quibus
315 2344 495 2402 devertebatur
518 2349 679 2414 Saturninus,
705 2351 824 2421 pergunt.
861 2348 918 2403 Nec
940 2352 995 2401 tam

196 2423 302 2479 Primus
330 2426 357 2477 et
380 2424 529 2493 Aponianus
558 2430 585 2480 et
609 2426 728 2491 Messala,
753 2442 897 2497 quanquam
926 2424 996 2481 omni

197 2499 274 2555 modo
310 2498 368 2565 nisi,
399 2501 514 2572 eripuere
543 2502 717 2569 Saturninum,
748 2522 824 2575 quam
852 2501 995 2557 obscuritas

200 2576 354 2633 latebrarum
379 2578 472 2648 quibus
495 2580 666 2647 occulebatur,
686 2581 831 2636 vacantium
853 2580 921 2635 forte
944 2579 997 2633 bal·

201 2670 306 2709 nemum
324 2654 471 2711 fornacibus
489 2656 598 2712 abditus.
642 2658 715 2724 Mox,
733 2657 832 2712 omissis
855 2655 1020 2721 lictoribus,4

202 2731 338 2785 Patavium
360 2734 493 2789 concessit.
529 2734 656 2806 Digressu
679 2735 848 2789 consularium
871 2733 916 2787 uni
945 2734 996 2785 An·

201 2807 275 2863 tonio
297 2826 337 2863 ns
364 2828 394 2865 ac
421 2817 536 2881 potestas
559 2813 586 2866 in
609 2818 747 2883 utmmque
774 2810 914 2866 exereitum
937 2807 995 2872 fuit,

200 2884 352 2942 cedentibus
369 2888 475 2962 collegis
494 2896 521 2944 et
542 2889 657 2958 obversis
675 2889 783 2944 militum
804 2885 903 2941 studiis.
940 2883 997 2939 Nec

231 2982 290 3018 ne„
298 2982 352 3014 m.
362 2985 391 3015 u.
596 2982 608 3021 1
