2575 3592
415 371 463 420 ΒΕ
479 373 703 421 Omoemus
721 376 745 430 9,
758 377 794 423 10.
929 381 975 427 ²9³

177 489 246 545 hm
266 501 360 542 insum
382 501 522 540 amonem
545 486 583 540 sio
604 485 683 556 eouipi
706 485 771 552 solo,
791 491 910 555 tunquam
931 504 975 540 eos

178 567 276 635 qubus
288 567 384 617 nemu
394 579 440 615 sne
453 562 591 616 oratorium
601 561 729 633 ingenium
747 561 879 632 denegavit
891 561 976 616 detor.

178 661 246 698 reem
269 658 289 694 a
308 637 470 704 terminibus,
491 639 512 694 si
534 638 608 694 modo
627 639 655 694 in
674 639 721 694 bso
741 638 881 694 studiorum
902 645 974 711 parte

179 719 311 774 ὠκεῖαι
322 715 405 768 mum
416 721 444 770 et
454 732 547 770 nonun
557 715 667 770 inserere
681 721 791 786 possunt
803 715 881 770 sumre.
917 717 973 786 Ego
985 717 1001 763 4

178 813 237 850 sero
255 808 365 848 omnem
381 789 547 861 eloquentium
562 809 698 863 omnesque
715 792 769 863 ejus
787 797 871 863 portes
890 809 973 846 saeros

180 879 203 926 et
216 865 383 926 venerabiles
394 873 465 938 puto,
477 885 525 924 neo
539 869 620 923 solum
636 869 787 924 oothnrnnm
800 874 912 922 vestrum
929 879 973 922 sut

178 946 278 1003 nemini
289 943 410 1000 meminis
425 961 522 1010 sonum,
535 944 581 1000 sed
595 945 730 1017 lyrioornm
747 961 847 1016 quoque
855 945 973 1014 jncundi-

180 1019 446 1092 omnnegomm
455 1020 576 1086 leoninus,
585 1028 612 1077 st
622 1021 762 1077 iamborum
771 1022 971 1087 amaritudinem,

179 1099 437 1171 aepignnmstom
452 1097 531 1163 lusus,
543 1105 570 1152 et
586 1115 760 1168 quameunque
776 1097 849 1152 aliem
865 1101 973 1170 speeiem

179 1173 330 1248 eloquentis
340 1172 440 1238 babent,
449 1174 648 1245 anteponendum
660 1175 758 1229 ueteris
767 1174 872 1229 nlisrum
881 1177 974 1232 artium

180 1253 274 1309 studiis
286 1249 373 1305 credo.
410 1248 460 1304 flod
471 1259 555 1306 teonru
565 1252 636 1317 mibi,
647 1251 771 1316 Materne,
785 1269 825 1306 res
837 1255 884 1317 est,
898 1253 972 1323 qnod,
984 1264 999 1310 5

180 1351 235 1386 oum
249 1333 349 1384 notnrs
358 1330 404 1380 tos
414 1325 442 1380 in
452 1326 532 1396 ipsum
548 1346 630 1383 uroem
641 1328 791 1399 eloquentior
807 1327 880 1393 leret,
892 1347 975 1383 errare

181 1408 270 1470 nnsis,
281 1407 313 1458 et
324 1420 422 1457 summu
436 1403 576 1474 sdeptnrus
587 1405 614 1460 in
629 1403 764 1460 levioribus
776 1403 901 1459 subsistis.
938 1406 974 1458 Ut

182 1487 251 1539 siin
273 1479 376 1536 Grecis
397 1486 473 1535 notos
496 1499 573 1546 essa,
594 1481 639 1536 nbi
655 1480 764 1536 ludiones
786 1497 886 1552 quoque
907 1485 974 1536 artes

181 1576 305 1617 exeruere
314 1556 449 1611 honestum
461 1566 508 1623 est,
521 1575 551 1613 so
561 1557 609 1613 tibi
622 1558 765 1613 Nicostrati
775 1557 850 1612 robur
867 1575 896 1612 ao
908 1557 974 1612 sires

181 1638 204 1692 dl
219 1635 364 1697 dedissent,
381 1650 433 1688 non
448 1641 548 1704 pswrer
562 1635 683 1690 immunes
699 1634 755 1690 illos
773 1638 800 1688 et
816 1632 848 1688 ud
865 1651 975 1705 pugilem

180 1720 254 1770 notos
271 1712 384 1766 nosnos
399 1708 503 1766 levitate
516 1711 594 1782 jaculi
609 1716 655 1766 ent
668 1712 738 1782 jectu
755 1709 817 1766 disci
833 1729 974 1776 vonsentire,

181 1794 214 1847 sie
233 1789 356 1845 nuncto
376 1785 600 1843 urrunnun
619 1787 726 1843 theatris
747 1787 774 1842 in
794 1787 879 1842 lorum
896 1791 923 1842 et
944 1787 976 1842 sd

181 1883 273 1922 musas
291 1866 320 1916 et
337 1861 370 1915 ul
385 1881 446 1917 vers
464 1863 550 1934 prelis
565 1881 636 1929 soon,
655 1882 713 1918 oum
734 1865 876 1934 presertim
893 1883 926 1919 ne
944 1863 975 1919 sd

181 1944 243 1999 illud
266 1937 369 2010 quidem
392 1939 528 2011 ooulugere
551 1940 633 2010 possis
654 1939 722 2011 quod
745 1940 870 2010 plerisque
890 1945 975 2011 petro-

183 2023 292 2081 oinntns,
309 2020 430 2086 tunquam
445 2018 528 2072 minus
543 2017 679 2072 obnoxium
696 2017 730 2070 sit
746 2016 872 2071 offendere
888 2023 974 2085 potta-

183 2117 238 2152 mm
265 2110 343 2164 quum
365 2098 494 2148 oratorum
517 2092 637 2148 sbrdinm.
674 2092 821 2148 Ellersesoit
845 2092 911 2146 enim
935 2093 997 2149 vise

183 2169 360 2244 pulcherrime
377 2174 475 2224 nutum
492 2174 558 2237 tuoe3
583 2187 630 2224 neo
647 2187 693 2241 pro
712 2169 790 2224 amieo
809 2168 901 2238 aliquo,
920 2168 972 2233 sed,

184 2249 253 2321 quod
275 2244 439 2316 periculosius
456 2250 504 2311 est,
522 2265 570 2317 pro
589 2246 688 2301 (letone
706 2244 817 2300 offendis.
853 2244 909 2299 Neo
930 2263 972 2299 ex-

183 2331 291 2381 ornatur
310 2321 405 2376 ollenss
425 2322 609 2378 necessitudine
632 2323 711 2378 offioii
730 2326 774 2376 sut
797 2320 846 2376 fide
869 2320 975 2376 edvoon-

184 2402 264 2458 sionis
281 2402 327 2452 ent
345 2400 460 2453 innuite
477 2417 507 2454 ne
523 2399 613 2454 subite
633 2398 750 2454 dictionis
767 2398 880 2467 impetn:
899 2399 975 2454 medi-

184 2482 258 2530 tatus
269 2473 362 2528 videris
373 2473 391 2543 †
403 2480 448 2529 snt
461 2474 567 2545 elegisse
578 2493 710 2545 personum
727 2473 862 2528 notabilem
874 2478 900 2530 et
917 2493 975 2530 oum

185 2551 340 2607 uuotoritute
360 2549 492 2605 liutmun.
528 2551 615 2606 Sentio
636 2550 697 2622 quid
714 2549 859 2621 responderi
878 2551 997 2622 possitzl

186 2631 246 2698 bine
259 2626 372 2696 ingentis
382 2626 401 2696 †
412 2645 446 2681 ex
462 2627 501 2681 his
517 2645 641 2690 assensus,
656 2627 709 2680 bno
724 2625 751 2680 in
767 2627 827 2697 ipsis
844 2627 973 2682 auditoriis

186 2704 315 2776 praedone
336 2702 433 2758 lsndurl
455 2708 483 2758 et
505 2721 563 2758 mox
586 2703 699 2757 omnium
725 2704 881 2757 sermonibus
904 2701 972 2755 lerri.

186 2781 257 2836 Tolle
268 2779 349 2849 igitur
356 2779 450 2849 quietis
462 2784 488 2834 et
497 2779 640 2834 soenritstis
652 2780 845 2842 exeusationem,
858 2796 914 2832 oum
926 2778 974 2832 tibi

187 2874 273 2913 sumas
283 2855 451 2910 adversarium
461 2856 623 2925 superiorem.
657 2855 740 2910 Nobis
749 2856 810 2910 setis
820 2855 853 2908 sit
863 2852 997 2922 privatass

188 2942 215 2991 et
225 2932 309 2988 nostrl
320 2931 399 2986 seouli
412 2931 594 2986 controversias
610 2931 686 2995 tueri,
699 2931 726 2984 io
742 2931 832 3000 quibus
848 2931 975 2999 septusis
