2575 3592
313 396 359 441 114
644 395 764 442 TACITI

946 456 980 504 [Δ.
991 456 1017 496 U.
1025 457 1047 497 0.
1055 458 1100 497 822.

194 568 198 573 ,
311 504 415 560 deerant
440 506 485 577 qui
511 504 642 559 crederent
672 510 805 575 utramque
834 504 983 561 seditionem
1012 507 1101 561 fraude

310 583 418 637 Antonii
428 586 543 653 ooeptam,
556 585 587 635 ut
598 581 668 637 solus
680 582 745 637 bello
757 584 892 637 frueretur.

269 661 305 714 12
346 660 388 715 No
410 659 438 713 in
464 658 563 713 Vitellii
592 659 695 729 quidem
724 659 838 731 partibus
872 658 965 730 quieta
1002 666 1101 715 mentes

311 736 455 791 exitiosiore
476 735 607 799 discordia,
628 754 681 790 non
699 735 883 806 suspicionibus
902 736 972 807 vulgi
987 736 1032 790 sed
1048 756 1103 807 per·

290 812 371 866 2fidia
393 812 493 877 ducum,
522 810 699 867 turbabantur.
734 812 849 867 Lucilius
887 812 992 879 Bassus,
1015 812 1103 867 classis

311 888 468 943 Ravennatis
480 888 622 959 praefectus,
639 888 771 959 ambiguos
789 888 897 943 militnm
912 888 1017 953 animos,
1035 890 1105 960 quod

311 982 404 1035 magua
413 983 473 1034 pars
485 964 608 1019 Dalmatae
620 965 794 1036 Pannoniique
807 969 886 1030 erant,
900 984 956 1036 qua
969 966 1104 1035 provinciae

312 1040 469 1111 Vespasiano
491 1040 651 1106 tenebantur,
680 1040 794 1112 partibus
824 1041 880 1112 ejus
910 1050 1102 1113 aggregaverat.

291 1117 374 1175 8Nox
384 1116 522 1188 proditioni
533 1117 621 1182 electa,
633 1122 671 1183 ut,
682 1118 779 1173 catoris
796 1118 898 1189 ignaris,
916 1118 963 1173 soli
974 1118 1002 1173 in
1013 1120 1105 1190 prinoi-

312 1194 355 1265 pia
381 1194 521 1249 defectores
548 1195 653 1249 coirent.
698 1194 794 1249 Bassus
824 1196 927 1265 pudore,
959 1214 1005 1250 seu
1032 1202 1105 1253 motu

312 1271 427 1341 quisnam
461 1271 545 1325 exitus
574 1271 649 1335 foret,
677 1271 746 1325 intra
780 1270 881 1325 domurn
918 1270 1104 1343 opperiebatur.

312 1348 454 1403 Trierarchi
470 1366 562 1419 magno
577 1348 691 1403 tumultu
710 1346 806 1403 Vitellii
821 1346 944 1417 imagines
960 1346 1085 1403 invadunt
1098 1371 1105 1415 ;

312 1429 339 1479 et
362 1425 448 1496 paucis
471 1425 647 1479 resistentium
674 1423 830 1479 obtruncatis
860 1428 981 1479 caeterum
1009 1426 1105 1496 vulgus

312 1520 396 1557 rerum
423 1519 546 1556 novarum
574 1501 660 1555 studio
689 1500 717 1555 in
747 1500 928 1571 Vespasianum
958 1500 1105 1558 inclinabat.

290 1578 377 1633 ellum
400 1596 548 1649 progressus
572 1576 687 1632 Lucilius
705 1580 833 1631 auctorem
851 1595 879 1631 se
898 1576 979 1647 palam
997 1579 1106 1649 prabet.

313 1655 407 1709 Classis
421 1654 562 1709 Cornelium
574 1654 684 1709 Priscum
702 1652 850 1723 praefectum
864 1652 913 1708 sibi
929 1653 1043 1709 destinat
1062 1658 1108 1727 qui
1141 1696 1142 1699 η

312 1749 418 1802 propere
437 1731 586 1786 accucmrit,
621 1731 718 1785 Bassus
736 1730 858 1785 honorata
877 1729 992 1785 custodia
1012 1731 1109 1787 Libur-

312 1808 375 1863 nicis
387 1807 493 1862 naribus
505 1809 604 1862 Atriam
618 1811 760 1878 pervectus,
776 1824 792 1860 a
807 1807 927 1877 profecto
952 1807 998 1862 alae
1009 1808 1111 1865 Viven-

312 1884 355 1938 uio
384 1883 485 1949 Rufino,
508 1884 653 1954 prasidium
676 1882 728 1939 illio
753 1882 873 1954 agitante,
897 1883 1017 1939 vincitur.
1057 1886 1111 1942 Sed
1141 1922 1142 1949 r

313 1960 429 2015 exsoluta
457 1960 545 2015 statim
572 1960 674 2015 viuculo
703 1960 850 2014 interventu
873 1960 965 2015 Hormi
996 1961 1110 2018 Caesaris
1141 1960 1142 2029 l

270 2036 413 2099 13bberti:
431 2036 454 2091 is
471 2054 570 2107 quoque
586 2036 654 2091 inter
670 2035 746 2091 ducos
762 2035 909 2091 habebatur.
945 2038 982 2091 At
995 2038 1110 2105 Caeoina,
1141 2048 1142 2057 ’

313 2114 453 2169 defectione
472 2113 559 2168 classis
579 2113 691 2184 vulgata,
715 2112 837 2183 primores
867 2114 1048 2170 centurionum
1083 2126 1111 2171 et

313 2209 406 2263 paucos
418 2189 534 2256 militum,
547 2190 646 2245 omtems
663 2208 709 2260 por
732 2188 829 2243 militiae
850 2208 955 2245 munera
974 2190 1109 2263 dispersis,

291 2277 438 2328 lsecretum
456 2276 597 2327 castrorum
616 2272 737 2325 affectans
752 2271 780 2325 in
797 2270 920 2342 principia
934 2276 1017 2328 vocat.
1067 2275 1112 2330 Ibi

312 2350 463 2419 Vespasiani
481 2350 602 2404 muntem
619 2348 736 2419 viresque
752 2348 862 2419 partium
880 2348 994 2403 extollit:
1022 2354 1112 2406 traus-

314 2425 411 2496 fugisse
422 2426 543 2492 classem
562 2426 589 2480 in
604 2430 676 2480 arcto
688 2428 864 2491 commeatum,
877 2426 995 2481 adversas
1008 2426 1111 2483 Gallias

313 2502 508 2573 Hispaniasque,
528 2502 591 2557 nihil
610 2502 638 2557 in
661 2501 724 2557 urbe
747 2501 843 2567 fidum3
870 2508 946 2575 atque
969 2506 1059 2560 onmia
1079 2507 1111 2561 de

292 2578 417 2635 avitelno
440 2580 469 2634 in
491 2579 610 2635 deterius.
655 2579 720 2633 Mox
740 2578 917 2651 incipientibus
942 2581 986 2651 qui
1009 2584 1112 2638 conscii

314 2654 424 2720 aderaut
437 2659 543 2710 caeteros
560 2674 588 2710 re
600 2674 667 2710 nova
682 2656 805 2711 attonitos
821 2656 849 2711 iu
860 2656 937 2711 verba
951 2658 1111 2728 Vespasiani

313 2730 402 2802 adigit.
436 2730 518 2784 nimir
528 2732 628 2786 Vitellii
645 2732 767 2803 imagines
787 2733 904 2807 derepta,
924 2738 950 2789 et
969 2735 1046 2791 missi
1066 2738 1111 2808 qiri

291 2806 426 2863 4Antouio
448 2807 603 2862 nuntiarent.
648 2808 699 2863 Sod
718 2808 763 2864 ubi
785 2810 848 2867 totis
872 2810 962 2865 castris
985 2810 1015 2865 in
1041 2812 1113 2868 sama

312 2881 435 2951 proditio,
455 2900 587 2938 recurrens
615 2882 644 2938 iu
672 2884 796 2956 principia
824 2886 897 2945 miles
926 2888 1111 2961 praescriptum
