2575 3592
376 357 425 406 DE
442 356 669 406 otta'roltllsvs
689 361 789 407 ls-te.
933 361 977 406 dlii

214 477 234 504 ‘⁴
244 471 318 527 Nm
336 475 462 542 quatenus
475 469 637 542 antiquorum
653 468 818 524 admiratores
831 468 896 524 hunc
908 467 978 522 velut
992 473 1026 526 19

177 557 325 606 termnum
343 546 502 618 antiquitatis
522 546 678 602 eonstituare
693 545 783 610 solent,
803 563 876 616 quern
897 563 978 616 usque

177 628 210 682 sd
228 624 356 682 enssim
372 623 492 678 Severum
510 623 615 688 laeimat,
632 641 707 694 quem
726 623 834 694 primum
852 621 977 678 alhrumnt

177 704 288 758 flexisse
305 700 339 756 sb
350 701 400 756 ills
416 709 501 755 vetere
521 707 598 770 atque
618 697 718 754 dioesdi
742 699 838 754 directa
860 699 907 764 via,
925 717 977 754 nou

176 780 335 835 infirmitate
345 776 439 848 ingenii
450 793 497 832 aee
514 775 615 830 inscitie
632 775 762 830 literarum
775 775 935 830 transtulisse
948 794 976 830 se

177 857 211 912 ud
228 853 299 912 illud
316 852 416 908 mmmm
432 871 513 924 genua
533 851 666 920 eontendo,
684 851 729 906 sed
744 852 840 923 judioio
857 861 883 906 et
902 852 976 906 iutel-

177 933 260 989 leetn.
297 928 371 984 Vidit
382 947 498 1001 nemque,
510 936 541 984 ut
553 929 627 1000 puato
645 936 704 984 ente
716 929 836 997 dioeharu,
848 947 905 985 eum
918 940 1000 986 otiu-t

178 1010 281 1066 ditione
292 1012 436 1078 temporum
446 1012 474 1062 et
485 1006 632 1062 diversitate
644 1007 743 1062 numam
754 1006 861 1062 sormam
878 1025 976 1078 quoque

178 1096 205 1142 et
216 1084 334 1158 speeiem
344 1083 466 1138 orationis
476 1101 533 1138 esse
549 1083 702 1138 mutandum.
738 1083 822 1138 Facile
833 1083 977 1154 perferebat

179 1165 252 1234 prior
261 1161 306 1216 ille
318 1159 434 1231 populus,
446 1165 476 1214 ut
493 1159 627 1230 imperitus
638 1165 666 1214 et
682 1159 760 1224 rudis,
773 1159 975 1230 impeditissima·

178 1260 238 1296 rum
259 1237 406 1294 οηιιοιιιιιιι
426 1237 516 1307 spotia,
534 1243 612 1309 atque
628 1236 655 1292 id
673 1237 756 1308 ipsum
773 1235 842 1292 laudi
859 1235 975 1302 debetur,

178 1318 200 1372 si
212 1313 328 1372 dieendo
342 1313 399 1385 quis
415 1313 482 1368 diem
498 1313 627 1369 eximeret.
664 1314 723 1369 lam
741 1331 801 1368 vero
816 1313 892 1385 louge
910 1314 1002 1384 prime

178 1395 696 1526 tttmetltllrbttltlt
709 1390 976 1538 tlrtttttlt

179 1552 269 1602 torum
281 1542 385 1616 gindus,
398 1549 424 1598 et
436 1543 558 1616 quidquid
569 1543 638 1599 uliud
654 1544 800 1600 aridissimis
812 1544 976 1614 Hermagorae

179 1635 206 1678 et
222 1619 376 1694 Apollodori
392 1620 464 1676 libris
478 1620 631 1692 precipitur,
644 1621 671 1675 in
686 1620 781 1676 honore
798 1625 867 1687 erat;
886 1621 977 1691 quodsi

181 1701 241 1772 quis
258 1696 383 1753 odoratus
403 1696 586 1767 philosophiam
602 1697 733 1752 rideretur
750 1701 777 1752 et
795 1715 827 1752 ex
845 1715 875 1752 et
891 1695 976 1752 locum

180 1777 295 1847 aliqisam
307 1772 415 1828 orationi
432 1791 485 1829 sua
495 1774 626 1838 insereret,
639 1773 666 1828 in
680 1773 772 1829 oolam
783 1773 899 1829 laudibus
911 1774 976 1830 lere·
989 1819 990 1826 ,

180 1851 268 1908 hatur.
303 1849 361 1904 Nee
380 1849 488 1905 mirum:
506 1859 579 1905 erant
598 1850 666 1906 enim
687 1851 741 1906 heo
761 1869 828 1906 nove
845 1855 871 1906 et
890 1851 1001 1924 imppp-d

179 1931 244 1993 nite
257 1930 287 1982 et
302 1925 416 1996 ipsoram
431 1944 531 1999 quoque
547 1930 677 1982 oratorum
689 1927 833 1998 paucissimi
851 1936 977 1999 precepta

179 2008 317 2061 rhetorum
335 2007 380 2057 aut
395 2003 601 2074 pbilosophorum
617 2003 711 2074 pleeite
726 2008 904 2075 eognoverant.
939 2007 999 2064 Ate

179 2078 288 2138 hermus
305 2078 460 2149 pervulgatis
474 2083 528 2149 jem
550 2079 675 2145 omnibus,
694 2099 752 2136 eum
771 2080 815 2134 vix
832 2079 859 2134 in
876 2079 976 2134 eortina

180 2167 319 2238 quisqam
334 2162 445 2228 assistet,
464 2163 526 2235 quin
542 2163 674 2220 elementis
692 2164 840 2231 studiorum,
857 2163 907 2217 etsi
923 2181 975 2218 non

180 2244 333 2303 instructus,
347 2243 374 2294 at
386 2244 456 2295 uerte
466 2240 579 2296 imbutus
596 2241 638 2306 sit,
651 2242 724 2296 novis
735 2246 762 2296 et
778 2240 912 2312 exquisitis
925 2241 974 2295 elo-

183 2317 297 2392 quentis
313 2316 446 2372 itineribus
463 2335 528 2388 opus
545 2323 593 2383 eat,
610 2337 656 2389 per
673 2337 729 2390 qum
745 2322 831 2372 orator
846 2317 975 2374 fastiditum

181 2397 284 2452 aurium
298 2394 411 2465 effirgint,
427 2394 517 2465 utique
534 2395 601 2466 apud
616 2413 661 2450 eos
673 2394 770 2466 judiees
785 2394 830 2466 qui
847 2395 872 2449 vi
889 2401 916 2451 et
930 2414 974 2467 po-

181 2475 287 2536 testate,
299 2487 351 2524 non
359 2470 417 2541 jura
428 2474 456 2525 et
467 2470 566 2542 legibus
576 2479 741 2542 eognoseunt
751 2478 779 2527 et
789 2487 838 2527 noe
847 2472 974 2545 seeipiunt

181 2556 306 2620 tempore,
330 2546 376 2602 sed
398 2548 566 2613 eonstituunt,
588 2565 636 2602 nee
659 2551 856 2618 exspemendum
880 2549 973 2604 habent

182 2632 319 2688 oratorem,
339 2623 401 2678 dum
418 2624 455 2680 illi
475 2623 552 2679 libent
573 2623 605 2679 de
623 2624 679 2695 ipso
698 2627 801 2694 negotio
820 2625 908 2690 dieere,
930 2625 974 2680 sed

183 2721 251 2774 srepa
261 2701 332 2755 ultro
343 2699 486 2765 admonent,
499 2706 577 2771 atque
593 2701 642 2756 elio
658 2703 885 2772 transgredientem
902 2719 974 2756 revo-

183 2786 244 2834 esnt
255 2783 283 2833 et
294 2777 416 2832 festinare
427 2797 455 2832 se
468 2783 603 2832 testantur.

220 2856 312 2914 “ttuis
323 2873 392 2910 nune
408 2855 473 2910 ieret
489 2859 613 2909 oratorem
625 2853 657 2908 de
669 2853 813 2908 infirmitate
824 2852 975 2910 valetudinis
985 2857 1022 2912 20

184 2951 236 2988 sure
255 2931 425 3004 presentem?
451 2931 544 2992 Qualia
564 2935 624 2986 sunt
645 2931 699 2986 lere
722 2930 843 3003 prineipia
863 2928 974 2991 Comini.
