2575 3592
295 401 342 451 inc
630 401 751 453 tecm

924 462 959 511 A
968 460 998 502 0
1008 461 1031 502 0.
1042 460 1095 503 Μ.

295 511 397 569 dmum
413 512 538 580 conferre,
550 516 625 585 cujus
641 512 861 571 criminationibus
878 462 1027 568 eviluissent
1046 530 1096 583 pe-

295 589 376 647 rionis
399 606 454 647 sue
490 590 548 647 Neo
572 592 731 648 sermonibus
754 588 918 661 temperabat,
936 588 1095 647 immodicus

274 665 385 739 atingun
400 670 428 723 et
444 666 560 739 obsequii
576 667 698 725 insolens.
733 668 835 724 Liberam
850 666 883 721 eil
897 665 1094 737 Vespasianum

295 744 440 816 composuit
451 745 593 816 jactantius
608 764 686 818 quam
703 744 736 801 sd
750 745 897 817 prinoipem,
912 761 959 799 nec
976 743 1034 799 sine
1046 759 1095 799 oc-

295 820 367 877 culta
376 820 405 877 in
415 821 566 878 Mucianum
573 822 756 879 insectatione:
769 840 798 877 se
805 820 963 877 Pannonicas
971 819 1095 891 legiones

295 897 325 954 iii
346 916 418 954 erma
435 898 537 971 egisse3
562 899 616 955 suis
634 900 745 955 stimolis
763 898 862 955 excitos
879 898 980 953 Moesiie
999 896 1093 963 duces,

297 992 345 1030 sua
359 975 503 1032 consumtis
514 980 649 1048 perruptas
664 976 752 1049 Alpes,
764 978 913 1048 occupatam
924 974 1037 1039 Italiam,
1051 973 1095 1029 in·

276 1055 414 1123 stersepts
442 1052 626 1109 Germanorum
655 1054 836 1125 Raetornmqne
858 1051 961 1109 anxiba
1009 1050 1094 1111 Quod

298 1128 427 1186 discordes
450 1128 627 1201 dispersasque
647 1130 746 1186 Vitellii
768 1130 881 1202 legiones
898 1128 1011 1201 equmtii
1031 1145 1094 1199 pro-

299 1205 370 1272 cella,
382 1223 443 1261 mcx
453 1204 604 1278 peditum
579 1226 606 1262 ιι
617 1225 664 1279 per
679 1206 746 1263 diem
761 1210 913 1292 noctemque
927 1204 1047 1271 fudisset,
1063 1203 1094 1260 id

276 1277 496 1356 spnloberrimum
519 1288 546 1340 et
564 1285 605 1340 sni
622 1284 716 1355 operis.
750 1268 849 1340 Gasani
868 1284 999 1339 (liemcuee
1020 1281 1093 1338 bello

300 1360 493 1451 imputandum:
510 1360 606 1433 majore
619 1360 719 1427 damno,
731 1360 843 1433 plurium
858 1359 960 1416 urbium
974 1358 1091 1425 excidiis,

300 1438 434 1494 veteres'
411 1438 506 1495 muium
516 1436 654 1494 ffisccrdias
666 1437 822 1511 reipublice
839 1438 951 1493 stetisse.
986 1436 1012 1493 N
1013 1454 1049 1492 cn
1061 1454 1093 1492 se

300 1514 398 1571 nuntiis
415 1533 498 1587 neque
514 1515 637 1587 epistolis,
655 1515 701 1571 sod
717 1533 795 1571 menn
811 1518 839 1571 et
853 1514 929 1571 amiis
942 1514 1093 1586 imperntcri

278 1599 349 1649 cauo
361 1592 478 1649 militare
512 1592 606 1665 Neque
622 1593 722 1649 officere
736 1592 825 1665 glorie
839 1610 927 1647 eornm
945 1591 989 1663 qni
1000 1590 1092 1647 Asiam

301 1670 404 1727 interim
414 1670 610 1742 composuerint.
645 1670 702 1726 Illis
708 1669 807 1726 Moesis
818 1686 913 1741 pacem,
921 1667 970 1724 sibi
981 1667 1092 1724 sulutem

303 1748 518 1881 ἱοοιιιιὲιέωιιὲᾳιι
533 1747 618 1837 Italico
634 1746 817 1881 cordivfflm
836 1746 1092 1879 scistexbcrtetioui-

320 1842 351 1880 ns
479 1821 678 1897 Hispaniasque,
785 1842 873 1880 simum
903 1841 1015 1879 erinmm
1032 1840 1093 1894 par·

280 1904 363 1967 clem,
377 1900 411 1957 nd
425 1901 611 1972 Vespasianum
626 1919 768 1958 conversas.
808 1899 859 1957 Sed
874 1900 995 1956 cecidisse
1012 1899 1041 1955 in
1055 1900 1094 1955 ir-

302 1977 382 2033 ritum
398 1976 540 2044 labores,si
554 1978 658 2051 praemia
674 1977 844 2051 periculorum
858 1976 906 2033 soli
923 1980 1094 2048 essequautoi¹

303 2054 348 2127 qni
365 2054 484 2129 pericilis
503 2072 556 2111 non
576 2055 703 2111 nffcarmt
738 2055 796 2111 Nec
815 2053 927 2111 fefellere
944 2072 975 2110 ea
990 2053 1094 2110 Mucia-

302 2150 384 2189 unm:
402 2131 462 2189 inde
481 2149 572 2205 graves
591 2132 742 2199 simultates,
763 2150 826 2204 quas
846 2130 974 2187 Antonios
997 2130 1095 2203 simpli·

304 2209 368 2276 mus,
379 2209 517 2267 Mucianus
528 2209 617 2266 callide
628 2227 709 2281 eoque
719 2208 901 2281 implacabilius
912 2207 1034 2264 nutribat.

260 2294 298 2349 54
338 2291 376 2345 At
386 2289 515 2356 Vitellios,
531 2289 620 2345 fraefis
635 2288 704 2360 apud
720 2289 869 2344 &ericum
883 2287 968 2356 rebus,
986 2287 1094 2345 nuntios

305 2366 384 2423 olaus
403 2367 543 2433 occultans,
561 2366 642 2422 stulta
658 2366 859 2421 dimunmstioiue
875 2365 987 2421 remedia
1004 2364 1094 2436 potius

304 2442 428 2499 malornm
435 2462 512 2516 quain
522 2442 590 2500 mala
600 2442 741 2499 differebat.
776 2442 880 2514 Quippe
890 2441 1022 2498 confitenti
1033 2458 1094 2498 con-

305 2519 461 2592 snltnntique
480 2524 630 2592 supererant
647 2538 706 2592 spes
723 2519 856 2592 viresque;
876 2536 936 2575 cuin
955 2537 971 2575 e
989 2523 1092 2577 contre·

283 2597 344 2654 tric
360 2596 420 2652 licta
435 2597 520 2653 omnia
535 2597 652 2669 fingam,
670 2596 741 2653 falsis
759 2595 960 2669 ingravescebat.
993 2594 1094 2654 Mirum

306 2672 374 2745 apud
384 2673 469 2745 ipsum
479 2672 512 2729 de
526 2672 593 2729 bello
609 2673 738 2729 silentium
744 2695 753 2740 ;
770 2672 891 2744 prohibiti
902 2690 948 2745 per
961 2671 1091 2729 οἰιιιιιιιιι

306 2766 444 2815 sernmnes,
463 2767 544 2820 ecque
559 2748 653 2820 plnres,
670 2767 707 2816 sc,
728 2750 751 2805 si
767 2750 862 2816 liceret,
880 2766 940 2805 vere
956 2751 1092 2818 remetiri,

285 2825 368 2897 aquis
388 2824 548 2890 vetabantur,
571 2824 697 2881 monimo
719 2824 892 2897 rogaverant.
935 2825 993 2881 Nec
1015 2824 1093 2883 duces

307 2901 420 2957 hostium
442 2898 563 2973 augendis
585 2900 659 2957 mnne
682 2901 794 2969 deerant,
818 2907 906 2973 captos
929 2900 1027 2957 Vitellii
1048 2920 1094 2958 ex·

308 2976 448 3049 piem
462 2976 705 3049 mmmdmtcsqne,
720 2982 751 3035 ut
769 2977 862 3035 robore
875 2978 980 3037 victoris
998 2978 1093 3035 mici·
