2575 3592
315 404 346 452 22
646 401 765 451 ‘raom

942 464 977 514 [a
985 463 1012 503 o.
1021 464 1045 504 e.
1056 465 1103 506 raa.

294 514 404 572 tdeinde
415 514 634 568 momentarium
643 514 730 586 jussit.
766 513 852 584 Rapta
863 513 950 568 stetim
959 515 1105 578 carmasino

314 610 383 646 more
395 595 421 644 et
433 590 520 644 ordine
531 590 634 656 militiae,
654 595 684 645 ut
702 590 868 661 praetcrionus
883 595 928 644 aut.
944 589 1104 662 legionarius

313 667 455 738 insignibus
475 667 528 721 suis
549 667 761 739 distingueretur:
782 667 920 722 miscentur
935 667 1104 724 auxiliaribus

313 745 391 817 galeis
412 745 548 814 scutisque,
566 745 637 799 nullo
652 744 811 799 tribunorum
830 745 1037 800 centurionumve
1057 745 1105 800 ad-

313 821 439 885 hortante,
453 820 501 875 sibi
513 822 619 892 quisque
631 821 684 875 dux
696 825 722 875 et
734 821 886 891 instigator3
904 827 930 875 et
943 821 1104 892 precipuum

313 898 479 969 pessimorum
492 897 689 962 incitamentum,
704 896 771 967 quod
784 897 841 951 boni
855 897 998 952 merebant.

270 983 306 1037 39
348 979 408 1030 Jam
421 977 557 1030 exterritus
574 977 633 1030 Piso
649 975 752 1030 fremitu
769 975 949 1030 crebrescentis
967 975 1104 1032 seditionis

314 1057 340 1108 et
364 1052 466 1107 vocibus
489 1053 517 1106 in
540 1052 627 1108 urbem
651 1071 732 1124 usque
756 1052 941 1118 resonantibus,
967 1071 1104 1124 egressum

313 1130 414 1184 interim
438 1129 542 1184 Galbam
567 1135 593 1185 et
617 1130 672 1185 foro
696 1130 938 1201 appropinquantem
967 1137 1104 1186 assecutus

313 1212 385 1272 erat;
401 1208 453 1278 jam
467 1208 564 1262 Marius
577 1208 667 1262 Celsus
679 1207 746 1262 haud
764 1207 823 1261 luta
838 1207 968 1272 retulerat,
980 1225 1039 1262 cum
1057 1208 1103 1264 ulii

313 1284 340 1338 in
363 1285 489 1339 Palatium
513 1285 602 1350 redire,
626 1285 671 1338 alii
693 1283 846 1356 Capitolium
868 1290 964 1355 petere,
987 1284 1103 1356 plerique

313 1362 409 1416 Rostro
428 1362 572 1434 occupanda
588 1366 727 1426 censerent,
747 1361 831 1432 plures
848 1365 947 1416 tantum
965 1363 1101 1418 sententiis

314 1438 418 1493 aliomm
431 1440 638 1504 contradicerent,
652 1443 732 1510 utque
743 1438 862 1494 evenitin
874 1439 984 1493 consiliis
994 1439 1101 1494 intelici-

292 1515 369 1582 2bns,
382 1517 478 1588 optimo
488 1516 635 1570 viderentur
645 1534 753 1586 quorum
766 1519 867 1586 tempus
874 1516 1006 1586 effugerat.
1036 1518 1102 1588 Agi-

313 1598 382 1648 tasse
410 1593 480 1648 Laco
508 1593 597 1664 ignaro
620 1592 701 1647 Galba
725 1591 756 1647 de
780 1591 916 1646 occidendo
939 1593 998 1648 Tito
1021 1593 1101 1648 Vinio
1152 1639 1153 1644 ,

314 1669 414 1735 dictur,
434 1670 487 1724 sive
507 1675 537 1724 nt
559 1688 633 1741 poena
652 1671 709 1741 ejus
727 1669 823 1724 animos
841 1669 950 1724 militnm
967 1669 1100 1736 mulceret,

313 1766 360 1802 seu
372 1747 498 1802 conscium
512 1747 621 1802 Othonis
632 1746 758 1812 credebat,
772 1745 804 1800 sd
816 1751 972 1817 postremum
982 1747 1023 1802 vel
1030 1745 1100 1804 odio.

292 1825 507 1879 8Hresitutionem
520 1825 608 1879 attulit
619 1829 723 1896 tempus
737 1842 766 1879 ao
777 1823 856 1889 locus,
870 1825 929 1896 quis
939 1824 1012 1879 initio
1023 1825 1102 1880 oaedis

313 1907 370 1955 orto
390 1901 495 1956 difficilis
514 1901 612 1956 modus.
648 1902 684 1958 Et
704 1900 840 1956 turbavere
857 1900 989 1956 eonsilium
1006 1902 1103 1972 trepidi

313 1978 397 2033 nuntii
418 1997 447 2034 ac
465 1979 638 2050 proximorum
658 1978 771 2050 diffugia,
790 1977 969 2050 languentibus
988 1979 1102 2034 omnium

313 2055 405 2110 studiis
423 2055 467 2126 qui
484 2056 565 2127 primo
582 2056 677 2111 alacres
695 2056 769 2110 iidem
786 2060 865 2125 etque
886 2056 997 2110 animum
1015 2061 1102 2110 osten·
1150 2097 1151 2100 ,

269 2137 437 2196 40taversnt.
485 2133 618 2205 Agebatur
641 2134 691 2188 hnc
715 2133 775 2187 illuc
805 2133 892 2198 Galba,
918 2135 988 2188 vario
1017 2133 1102 2188 tnrbse

312 2211 460 2267 fluctuantis
490 2211 608 2282 impulsu,
632 2211 765 2282 completis
790 2210 903 2282 undique
932 2210 1040 2266 basilicis
1071 2229 1103 2266 ae

288 2289 421 2360 stemplis,
443 2289 544 2361 lugubri
562 2293 706 2360 prospectu.
742 2287 834 2358 Neque
852 2287 939 2359 populi
956 2292 1001 2342 aut
1018 2287 1099 2358 plebis

312 2366 365 2420 nlla
387 2385 445 2433 vox,
468 2366 514 2422 sed
539 2366 642 2421 attoniti
663 2365 749 2420 vultus
771 2369 798 2419 et
817 2383 944 2420 converso
964 2363 996 2418 ad
1016 2365 1103 2419 omnin

293 2456 394 2502 sacres.
430 2444 492 2497 Non
511 2443 645 2508 tumultus,
665 2461 717 2497 non
732 2443 809 2514 quies,
828 2441 901 2512 quale
915 2441 1000 2512 magni
1016 2447 1101 2496 metus

314 2527 340 2574 et
359 2537 456 2591 msgne
476 2521 519 2575 irae
543 2521 671 2575 silentium
696 2524 743 2574 est.
779 2519 876 2574 Othoni
899 2522 984 2573 tamen
1008 2519 1102 2574 armani

292 2597 412 2668 4plebem
423 2596 596 2651 nuntiabatur.
632 2597 676 2651 Ire
693 2596 836 2668 precipites
853 2600 879 2650 et
894 2613 1017 2666 occupare
1033 2597 1101 2666 peri-

315 2674 372 2728 cula
392 2673 474 2745 jubet.
509 2673 595 2743 igitur
614 2673 707 2727 milites
732 2673 848 2738 Romani,
869 2672 941 2743 quasi
957 2671 1102 2743 Vologesen
1148 2673 1149 2688 ¹

315 2756 360 2804 ant
372 2751 496 2804 Paeomm
508 2750 576 2804 avito
587 2749 765 2803 Arsacidarum
777 2749 839 2803 solio
858 2748 987 2820 depulsuri
1004 2767 1033 2804 ec
1048 2767 1101 2805 non
1148 2803 1149 2808 ,

314 2827 490 2894 imperatorem
514 2843 588 2880 suurn
611 2825 732 2879 inermem
751 2829 778 2878 et
798 2843 881 2879 senem
899 2825 1027 2880 trucidare
1044 2843 1101 2896 per·
1148 2821 1149 2891 l

314 2907 412 2974 gerent,
425 2902 530 2973 disjecta
541 2900 622 2972 plebe,
632 2901 783 2971 proculcato
800 2906 897 2965 senatu,
915 2905 1001 2956 truces
1016 2901 1100 2970 armis,

313 2979 395 3052 rapidi
418 2980 490 3052 equis
511 2978 596 3033 iorum
619 2977 772 3047 irrumpunt.
820 2978 876 3033 Neo
899 2977 956 3032 illos
975 2977 1100 3049 *Capitolii
