2575 3592
287 409 323 458 80
632 407 754 456 TACITI
819 423 822 429 ⁴
1147 417 1148 444 1

914 467 1083 518 mucan

262 527 279 573 o
288 520 399 592 monum,-
423 519 529 576 Alienus
546 519 647 576 (locine
664 523 690 575 et
708 517 803 574 Fabius
819 517 932 584 Valens;
950 517 1077 589 equibus

288 598 384 653 Valens
395 597 509 652 intensus
521 597 607 652 Gelbes
618 601 739 668 tanquam
755 595 881 651 detectam
893 613 909 650 e
920 613 948 650 se
958 595 1078 666 Verginii

288 675 482 740 annotationem,
495 688 615 745 oppresse
626 673 759 745 Capitonis
775 672 880 728 consilis
891 671 991 744 ingrsts
1003 672 1077 727 tuiis
1148 725 1149 742 ,

289 757 337 818 set,
356 751 478 822 instigare
500 751 639 816 Vitellium,
665 750 780 806 ardorem
803 749 912 804 militum
935 753 1079 804 ostentans.
1148 747 1149 806 i

264 840 280 887 o
289 827 378 898 Ipsum
386 827 478 882 oeiebri
489 827 584 899 ubique
596 828 669 896 tama,
682 827 776 882 nullom
787 827 815 882 in
825 827 916 882 Flacco
928 825 1081 882 Hordeonio

289 922 400 970 morsum
418 905 495 960 effora
506 905 672 970 Britanniam,
683 908 802 960 secutura
811 905 992 959 Germanorum
1005 904 1080 960 euni-

288 980 340 1045 lis3
358 981 422 1036 murlo
444 981 508 1036 fidus
530 981 680 1052 provincias,
705 982 846 1052 precarium
871 981 926 1036 seni
943 981 1080 1052 imperium

267 1063 316 1127 7et
336 1057 407 1114 brevi
425 1058 600 1114 trnrsiturnm.
616 1118 618 1121 ,
634 1059 761 1114 Penderet
781 1058 856 1114 modo
867 1059 951 1114 sinum
970 1063 998 1114 et
1009 1058 1080 1112 veni-

289 1135 343 1190 enti
354 1135 473 1191 Fortnne
485 1140 635 1191 occurreret.
671 1135 767 1192 Merito
779 1135 908 1190 dubitasse
927 1135 1079 1207 Verm'nium
1149 1177 1150 1198 ,

289 1213 402 1284 equestri
418 1213 520 1279 familis,
538 1213 627 1286 ignoto
647 1218 727 1284 patre,
747 1213 875 1284 imperem,
896 1213 919 1268 si
939 1212 1079 1283 recepisset

266 1289 429 1361 eirnperium,
449 1295 543 1356 tutum,
568 1291 759 1346 sirecususset.
795 1289 901 1344 Vitellio
924 1293 977 1344 tres
995 1289 1078 1360 petris
1149 1347 1150 1352 χ

289 1367 586 1434 oomnlntnsoensurem,
595 1367 872 1439 collegiumGnssriset
881 1367 1007 1438 imponere
1013 1367 1079 1437 jam·

289 1443 387 1515 pridem
409 1445 568 1517 imperatoris
595 1444 767 1516 dignationem
796 1448 823 1499 et
851 1445 950 1499 anferre
983 1444 1079 1514 privati
1150 1491 1151 1500 ,

245 1529 281 1584 53
290 1522 463 1577 securitatem,
498 1521 670 1582 Quotiebatur
681 1521 721 1596 hie
733 1539 811 1594 segue
822 1521 959 1593 ingenium,
972 1524 1002 1574 ut
1018 1539 1078 1575 eon-

202 1609 204 1613 ·
290 1598 431 1668 cupisceret
447 1599 529 1670 magis
547 1617 622 1669 qnam
639 1602 670 1653 ut
687 1603 807 1670 speraret.
842 1601 879 1672 dt
896 1598 924 1652 in
947 1598 1078 1669 superiore

290 1675 426 1730 Germania
437 1675 538 1730 Caecina
548 1675 639 1754 decors
649 1675 762 1748 juventa,
776 1691 880 1746 corpore
891 1675 988 1746 ingens,
999 1675 1078 1732 enimi

289 1751 446 1820 immodicus,
458 1753 523 1808 scito
534 1770 656 1818 sermone,
670 1757 754 1808 erecto
763 1753 863 1808 incessu
870 1752 956 1808 studia
966 1751 1078 1808 miiitum

265 1828 411 1917 nillegernt.
447 1817 525 1884 Hisne
534 1829 653 1901 juvenem
666 1829 752 1896 Galba,
770 1829 1076 1901 questorsminBsotioa,

289 1904 396 1978 imprgre
407 1907 435 1961 in
445 1910 530 1977 portes
542 1925 601 1961 suns
612 1911 800 1978 transgressum
815 1907 909 1980 legioni
920 1907 1057 1978 preposuit
1068 1929 1077 1973 ;
1151 1911 1152 1936 ³

290 1999 349 2037 mox
369 1987 525 2054 compertum
548 1982 674 2054 publicam
691 1984 822 2054 pecuniam
840 1985 968 2052 avertisse,
985 1988 1080 2058 ntpe·

266 2060 428 2117 tonlatorem
438 2060 643 2132 dagitnrijussit.
680 2060 781 2116 Caecius
792 2079 859 2132 aegre
868 2077 958 2132 passus
969 2060 1078 2116 miscere
1150 2097 1152 2124 ,

290 2141 382 2192 cuncta
401 2141 428 2192 et
447 2137 547 2208 privata
566 2136 671 2193 vulnera
693 2137 731 2193 rei
754 2137 859 2208 publice
882 2138 954 2194 maiis
977 2138 1077 2210 operire

266 2215 387 2271 astetuit.
424 2214 481 2269 Nec
504 2213 608 2269 deerunt
631 2213 659 2268 in
681 2215 795 2270 exercitu
818 2215 914 2270 semine
936 2214 1076 2280 discordie,

290 2291 357 2362 qnod
375 2295 401 2346 et
418 2290 485 2348 bello
502 2289 623 2346 aduersus
646 2290 780 2346 Vindicem
803 2291 937 2346 universus
960 2291 1076 2357 affuerat,

289 2385 336 2424 neo
353 2367 403 2436 nisi
417 2368 500 2423 occiso
517 2368 620 2423 Nerone
637 2367 776 2422 translatus
791 2367 819 2422 in
831 2368 943 2435 Gslbam,
961 2373 1037 2439 etque
1048 2369 1078 2424 in

289 2461 320 2516 eo
338 2444 394 2514 ipso
412 2449 569 2511 recremento
586 2445 684 2500 vexillis
701 2444 827 2500 inferioris
851 2445 991 2501 Germanis
1013 2463 1078 2517 prae·

265 2524 382 2585 eventus
399 2525 462 2576 eret.
497 2521 533 2576 nt
551 2521 653 2588 Treveri
671 2539 700 2577 ac
717 2521 767 2576 Lin
801 2539 854 2587 nes,
878 2540 991 2594 quasque
1014 2522 1076 2578 eiius

289 2598 405 2655 civitates
428 2598 556 2654 atronbm
579 2598 669 2654 odietis
690 2602 738 2670 put
778 2617 852 2654 amno
880 2599 968 2654 finium
996 2599 1077 2654 Galba

288 2675 438 2747 perculerat,
451 2674 562 2730 hibernis
574 2675 701 2748 legionum
714 2676 817 2747 propius
833 2677 989 2742 miscentur;
1007 2676 1076 2732 uude

288 2752 409 2807 seditiose
428 2752 559 2824 colloquio,
578 2758 605 2807 et
621 2752 689 2808 iuter
706 2769 818 2824 paganos
835 2754 977 2824 corruptior
994 2753 1074 2818 miles,

239 2837 279 2892 ⁵4
288 2835 314 2884 et
326 2830 353 2883 in
363 2829 514 2901 Verginium
531 2829 602 2884 isvor
617 2829 758 2900 cuicunque
774 2829 817 2884 ulii
831 2831 988 2900 profuturus.
1024 2830 1076 2884 Mi·

286 2909 355 2960 serat
383 2907 471 2962 civitas
494 2905 639 2978 Lingonum
665 2910 751 2960 vetere
774 2905 893 2972 instituto
916 2906 982 2961 dona
997 2906 1075 2978 legio·

147 3033 151 3041 .
262 2981 369 3051 suibus,
393 2983 503 3052 degum,
533 2982 636 3054 hospitii
663 2981 770 3054 insigne.
814 2983 907 3055 Legati
933 3001 1021 3039 eorum
1048 2983 1075 3040 in
