<?xml version="1.0" encoding="UTF-8"?>
<!DOCTYPE html PUBLIC "-//W3C//DTD XHTML 1.0 Transitional//EN"
    "http://www.w3.org/TR/xhtml1/DTD/xhtml1-transitional.dtd">
<html xmlns="http://www.w3.org/1999/xhtml" xml:lang="en" lang="en">
 <head>
  <title>
</title>
<meta http-equiv="Content-Type" content="text/html;charset=utf-8" />
  <meta name='ocr-system' content='tesseract 3.04.00' />
  <meta name='ocr-capabilities' content='ocr_page ocr_carea ocr_par ocr_line ocrx_word'/>
</head>
<body>
  <div class='ocr_page' id='page_1' title='image "./operaomniaadfid00tacigoog_0026.png"; bbox 0 0 2575 3592; ppageno 0'>
   <div class='ocr_carea' id='block_1_1' title="bbox 297 421 1085 527">
    <p class='ocr_par' dir='ltr' id='par_1_1' title="bbox 297 421 1085 527">
     <span class='ocr_line' id='line_1_1' title="bbox 297 421 747 480; baseline -0.027 0"><span class='ocrx_word' id='word_1_1' title='bbox 297 433 329 480; x_wconf 76' lang='lat'><strong>20</strong></span> <span class='ocrx_word' id='word_1_2' title='bbox 629 421 747 470; x_wconf 76' lang='lat' dir='ltr'><strong>&#39;raeiri</strong></span> 
     </span>
     <span class='ocr_line' id='line_1_2' title="bbox 922 473 1085 527; baseline -0.025 -11"><span class='ocrx_word' id='word_1_3' title='bbox 922 477 958 527; x_wconf 79' lang='lat' dir='ltr'><strong>[a.</strong></span> <span class='ocrx_word' id='word_1_4' title='bbox 967 476 996 516; x_wconf 84' lang='lat' dir='ltr'><strong>n.</strong></span> <span class='ocrx_word' id='word_1_5' title='bbox 1005 475 1026 514; x_wconf 88' lang='lat' dir='ltr'><strong>o.</strong></span> <span class='ocrx_word' id='word_1_6' title='bbox 1039 473 1085 513; x_wconf 82' lang='lat' dir='ltr'><strong>aaa.</strong></span> 
     </span>
    </p>
   </div>
   <div class='ocr_carea' id='block_1_2' title="bbox 260 525 1154 3074">
    <p class='ocr_par' dir='ltr' id='par_1_2' title="bbox 260 525 1154 3074">
     <span class='ocr_line' id='line_1_3' title="bbox 299 525 1087 606; baseline -0.027 -9"><span class='ocrx_word' id='word_1_7' title='bbox 299 540 386 606; x_wconf 87' lang='lat' dir='ltr'><strong>Galba,</strong></span> <span class='ocrx_word' id='word_1_8' title='bbox 393 539 501 594; x_wconf 88' lang='lat' dir='ltr'><strong>irruenti</strong></span> <span class='ocrx_word' id='word_1_9' title='bbox 511 537 592 592; x_wconf 83' lang='lat' dir='ltr'><strong>turboe</strong></span> <span class='ocrx_word' id='word_1_10' title='bbox 600 553 682 606; x_wconf 87' lang='lat' dir='ltr'><strong>neque</strong></span> <span class='ocrx_word' id='word_1_11' title='bbox 692 535 767 588; x_wconf 84' lang='lat' dir='ltr'><strong>aetate</strong></span> <span class='ocrx_word' id='word_1_12' title='bbox 778 547 859 601; x_wconf 89' lang='lat' dir='ltr'><strong>neque</strong></span> <span class='ocrx_word' id='word_1_13' title='bbox 871 544 975 598; x_wconf 89' lang='lat' dir='ltr'><strong>corpore</strong></span> <span class='ocrx_word' id='word_1_14' title='bbox 982 525 1087 587; x_wconf 88' lang='lat' dir='ltr'><strong>sistens,</strong></span> 
     </span>
     <span class='ocr_line' id='line_1_4' title="bbox 279 604 1090 682; baseline -0.026 -7"><span class='ocrx_word' id='word_1_15' title='bbox 279 619 362 682; x_wconf 82' lang='lat' dir='ltr'><strong>asella</strong></span> <span class='ocrx_word' id='word_1_16' title='bbox 373 618 505 672; x_wconf 81' lang='lat' dir='ltr'><strong>levaretur.</strong></span> <span class='ocrx_word' id='word_1_17' title='bbox 540 614 638 670; x_wconf 85' lang='lat' dir='ltr'><strong>Obvius</strong></span> <span class='ocrx_word' id='word_1_18' title='bbox 650 610 781 667; x_wconf 89' lang='lat' dir='ltr'><strong>inPalatio</strong></span> <span class='ocrx_word' id='word_1_19' title='bbox 791 607 875 662; x_wconf 85' lang='lat' dir='ltr'>Julius</span> <span class='ocrx_word' id='word_1_20' title='bbox 887 604 990 659; x_wconf 87' lang='lat' dir='ltr'><strong>Atticus</strong></span> <span class='ocrx_word' id='word_1_21' title='bbox 1000 619 1090 673; x_wconf 86' lang='lat' dir='ltr'><strong>speon-</strong></span> 
     </span>
     <span class='ocr_line' id='line_1_5' title="bbox 300 679 1091 764; baseline -0.028 -12"><span class='ocrx_word' id='word_1_22' title='bbox 300 697 373 761; x_wconf 88' lang='lat' dir='ltr'><strong>lator,</strong></span> <span class='ocrx_word' id='word_1_23' title='bbox 386 699 519 750; x_wconf 88' lang='lat' dir='ltr'><strong>cruentum</strong></span> <span class='ocrx_word' id='word_1_24' title='bbox 536 690 647 764; x_wconf 76' lang='lat' dir='ltr'><strong>gladium</strong></span> <span class='ocrx_word' id='word_1_25' title='bbox 663 691 800 751; x_wconf 73' lang='lat' dir='ltr'><strong>ostentans,</strong></span> <span class='ocrx_word' id='word_1_26' title='bbox 814 683 925 740; x_wconf 85' lang='lat' dir='ltr'><strong>occisum</strong></span> <span class='ocrx_word' id='word_1_27' title='bbox 939 699 955 735; x_wconf 91' lang='lat' dir='ltr'><strong>a</strong></span> <span class='ocrx_word' id='word_1_28' title='bbox 969 698 996 734; x_wconf 88' lang='lat' dir='ltr'><strong>se</strong></span> <span class='ocrx_word' id='word_1_29' title='bbox 1008 679 1091 732; x_wconf 93' lang='lat' dir='ltr'><strong>Otho-</strong></span> 
     </span>
     <span class='ocr_line' id='line_1_6' title="bbox 300 755 1091 836; baseline -0.027 -8"><span class='ocrx_word' id='word_1_30' title='bbox 300 791 359 828; x_wconf 87' lang='lat' dir='ltr'><strong>nem</strong></span> <span class='ocrx_word' id='word_1_31' title='bbox 368 771 535 836; x_wconf 81' lang='lat' dir='ltr'><strong>exclnmavit3</strong></span> <span class='ocrx_word' id='word_1_32' title='bbox 558 772 584 823; x_wconf 88' lang='lat' dir='ltr'><strong>et</strong></span> <span class='ocrx_word' id='word_1_33' title='bbox 597 766 684 834; x_wconf 78' lang='lat' dir='ltr'><strong>Galba,</strong></span> <span class='ocrx_word' id='word_1_34' title='bbox 698 771 714 794; x_wconf 91' lang='lat'><strong>“</strong></span> <span class='ocrx_word' id='word_1_35' title='bbox 723 761 892 826; x_wconf 88' lang='lat' dir='ltr'><strong>Commilito,&#39;&#39;</strong></span> <span class='ocrx_word' id='word_1_36' title='bbox 905 757 996 829; x_wconf 89' lang='lat' dir='ltr'><strong>inquit,</strong></span> <span class='ocrx_word' id='word_1_37' title='bbox 1011 755 1091 826; x_wconf 88' lang='lat' dir='ltr'><strong>“quis</strong></span> 
     </span>
     <span class='ocr_line' id='line_1_7' title="bbox 301 833 1092 923; baseline -0.025 -18"><span class='ocrx_word' id='word_1_38' title='bbox 301 849 407 923; x_wconf 84' lang='lat' dir='ltr'><strong>jussit?”</strong></span> <span class='ocrx_word' id='word_1_39' title='bbox 419 848 512 919; x_wconf 79' lang='lat' dir='ltr'><strong>insigni</strong></span> <span class='ocrx_word' id='word_1_40' title='bbox 519 845 600 900; x_wconf 86' lang='lat' dir='ltr'><strong>animo</strong></span> <span class='ocrx_word' id='word_1_41' title='bbox 608 843 640 899; x_wconf 91' lang='lat' dir='ltr'><strong>ad</strong></span> <span class='ocrx_word' id='word_1_42' title='bbox 647 841 808 898; x_wconf 76' lang='lat' dir='ltr'><strong>coercendam</strong></span> <span class='ocrx_word' id='word_1_43' title='bbox 815 838 947 894; x_wconf 88' lang='lat' dir='ltr'><strong>militarem</strong></span> <span class='ocrx_word' id='word_1_44' title='bbox 954 833 1092 896; x_wconf 75' lang='lat' dir='ltr'><strong>licentiam,</strong></span> 
     </span>
     <span class='ocr_line' id='line_1_8' title="bbox 303 914 1094 994; baseline -0.024 -11"><span class='ocrx_word' id='word_1_45' title='bbox 303 926 457 982; x_wconf 76' lang='lat' dir='ltr'><strong>minantibus</strong></span> <span class='ocrx_word' id='word_1_46' title='bbox 468 921 616 994; x_wconf 87' lang='lat' dir='ltr'><strong>intrepidus,</strong></span> <span class='ocrx_word' id='word_1_47' title='bbox 627 919 746 976; x_wconf 77' lang='lat' dir='ltr'><strong>adversm</strong></span> <span class='ocrx_word' id='word_1_48' title='bbox 755 917 911 974; x_wconf 83' lang='lat' dir='ltr'><strong>blandientes</strong></span> <span class='ocrx_word' id='word_1_49' title='bbox 920 914 1094 982; x_wconf 86' lang='lat' dir='ltr'><strong>incorruptus.</strong></span> 
     </span>
     <span class='ocr_line' id='line_1_9' title="bbox 260 992 1097 1074; baseline -0.024 -13"><span class='ocrx_word' id='word_1_50' title='bbox 260 1015 297 1074; x_wconf 79' lang='lat'><strong>36</strong></span> <span class='ocrx_word' id='word_1_51' title='bbox 338 1003 418 1059; x_wconf 88' lang='lat' dir='ltr'><strong>Haud</strong></span> <span class='ocrx_word' id='word_1_52' title='bbox 436 1001 518 1057; x_wconf 83' lang='lat' dir='ltr'><strong>dubiae</strong></span> <span class='ocrx_word' id='word_1_53' title='bbox 538 1000 591 1070; x_wconf 87' lang='lat' dir='ltr'><strong>jam</strong></span> <span class='ocrx_word' id='word_1_54' title='bbox 611 999 639 1052; x_wconf 92' lang='lat' dir='ltr'><strong>in</strong></span> <span class='ocrx_word' id='word_1_55' title='bbox 659 996 749 1052; x_wconf 87' lang='lat' dir='ltr'><strong>castris</strong></span> <span class='ocrx_word' id='word_1_56' title='bbox 768 994 880 1050; x_wconf 89' lang='lat' dir='ltr'><strong>omnium</strong></span> <span class='ocrx_word' id='word_1_57' title='bbox 897 995 1014 1054; x_wconf 86' lang='lat' dir='ltr'><strong>mentes;</strong></span> <span class='ocrx_word' id='word_1_58' title='bbox 1037 992 1097 1042; x_wconf 90' lang='lat' dir='ltr'><strong>tan·</strong></span> 
     </span>
     <span class='ocr_line' id='line_1_10' title="bbox 304 1064 1098 1153; baseline -0.024 -16"><span class='ocrx_word' id='word_1_59' title='bbox 304 1085 397 1153; x_wconf 89' lang='lat' dir='ltr'><strong>tuaque</strong></span> <span class='ocrx_word' id='word_1_60' title='bbox 413 1079 487 1134; x_wconf 88' lang='lat' dir='ltr'><strong>ardor</strong></span> <span class='ocrx_word' id='word_1_61' title='bbox 502 1081 532 1132; x_wconf 95' lang='lat' dir='ltr'><strong>ut</strong></span> <span class='ocrx_word' id='word_1_62' title='bbox 547 1094 599 1130; x_wconf 93' lang='lat' dir='ltr'><strong>non</strong></span> <span class='ocrx_word' id='word_1_63' title='bbox 615 1073 728 1130; x_wconf 87' lang='lat' dir='ltr'><strong>contenti</strong></span> <span class='ocrx_word' id='word_1_64' title='bbox 744 1072 843 1144; x_wconf 84' lang='lat' dir='ltr'><strong>agmine</strong></span> <span class='ocrx_word' id='word_1_65' title='bbox 860 1074 887 1125; x_wconf 88' lang='lat' dir='ltr'><strong>et</strong></span> <span class='ocrx_word' id='word_1_66' title='bbox 905 1066 1052 1139; x_wconf 87' lang='lat' dir='ltr'><strong>corporibus</strong></span> <span class='ocrx_word' id='word_1_67' title='bbox 1067 1064 1098 1118; x_wconf 92' lang='lat' dir='ltr'><strong>in</strong></span> 
     </span>
     <span class='ocr_line' id='line_1_11' title="bbox 306 1143 1096 1230; baseline -0.024 -16"><span class='ocrx_word' id='word_1_68' title='bbox 306 1162 437 1230; x_wconf 84' lang='lat' dir='ltr'><strong>suggestu,</strong></span> <span class='ocrx_word' id='word_1_69' title='bbox 450 1157 477 1210; x_wconf 90' lang='lat' dir='ltr'><strong>in</strong></span> <span class='ocrx_word' id='word_1_70' title='bbox 488 1172 538 1226; x_wconf 91' lang='lat' dir='ltr'><strong>quo</strong></span> <span class='ocrx_word' id='word_1_71' title='bbox 549 1151 624 1224; x_wconf 87' lang='lat' dir='ltr'><strong>paulo</strong></span> <span class='ocrx_word' id='word_1_72' title='bbox 636 1155 696 1206; x_wconf 89' lang='lat' dir='ltr'><strong>ante</strong></span> <span class='ocrx_word' id='word_1_73' title='bbox 713 1168 788 1204; x_wconf 88' lang='lat' dir='ltr'><strong>aurea</strong></span> <span class='ocrx_word' id='word_1_74' title='bbox 801 1147 886 1203; x_wconf 87' lang='lat' dir='ltr'><strong>Galbae</strong></span> <span class='ocrx_word' id='word_1_75' title='bbox 899 1150 985 1201; x_wconf 88' lang='lat' dir='ltr'><strong>statua</strong></span> <span class='ocrx_word' id='word_1_76' title='bbox 1001 1143 1096 1205; x_wconf 88' lang='lat' dir='ltr'><strong>iuerat,</strong></span> 
     </span>
     <span class='ocr_line' id='line_1_12' title="bbox 306 1220 1098 1302; baseline -0.02 -10"><span class='ocrx_word' id='word_1_77' title='bbox 306 1236 418 1292; x_wconf 89' lang='lat' dir='ltr'><strong>medium</strong></span> <span class='ocrx_word' id='word_1_78' title='bbox 440 1233 508 1288; x_wconf 88' lang='lat' dir='ltr'><strong>inter</strong></span> <span class='ocrx_word' id='word_1_79' title='bbox 531 1231 604 1302; x_wconf 87' lang='lat' dir='ltr'><strong>signa</strong></span> <span class='ocrx_word' id='word_1_80' title='bbox 626 1229 755 1283; x_wconf 85' lang='lat' dir='ltr'><strong>Othonem</strong></span> <span class='ocrx_word' id='word_1_81' title='bbox 778 1225 877 1281; x_wconf 84' lang='lat' dir='ltr'><strong>vexillis</strong></span> <span class='ocrx_word' id='word_1_82' title='bbox 902 1220 1098 1278; x_wconf 80' lang='lat' dir='ltr'><strong>circumdarent.</strong></span> 
     </span>
     <span class='ocr_line' id='line_1_13' title="bbox 285 1300 1100 1370; baseline -0.025 0"><span class='ocrx_word' id='word_1_83' title='bbox 285 1313 366 1370; x_wconf 73' lang='lat' dir='ltr'><strong>nNec</strong></span> <span class='ocrx_word' id='word_1_84' title='bbox 388 1310 497 1366; x_wconf 89' lang='lat' dir='ltr'><strong>tribunis</strong></span> <span class='ocrx_word' id='word_1_85' title='bbox 520 1314 563 1362; x_wconf 80' lang='lat' dir='ltr'><strong>aut</strong></span> <span class='ocrx_word' id='word_1_86' title='bbox 589 1303 778 1361; x_wconf 86' lang='lat' dir='ltr'><strong>centurionibus</strong></span> <span class='ocrx_word' id='word_1_87' title='bbox 802 1300 910 1356; x_wconf 89' lang='lat' dir='ltr'><strong>adeundi</strong></span> <span class='ocrx_word' id='word_1_88' title='bbox 931 1300 1019 1354; x_wconf 87' lang='lat' dir='ltr'><strong>locus:</strong></span> <span class='ocrx_word' id='word_1_89' title='bbox 1040 1315 1100 1368; x_wconf 85' lang='lat' dir='ltr'><strong>gre-</strong></span> 
     </span>
     <span class='ocr_line' id='line_1_14' title="bbox 309 1375 1101 1462; baseline -0.021 -16"><span class='ocrx_word' id='word_1_90' title='bbox 309 1389 395 1462; x_wconf 85' lang='lat' dir='ltr'><strong>garius</strong></span> <span class='ocrx_word' id='word_1_91' title='bbox 412 1388 483 1444; x_wconf 83' lang='lat' dir='ltr'><strong>miles</strong></span> <span class='ocrx_word' id='word_1_92' title='bbox 497 1383 581 1441; x_wconf 83' lang='lat' dir='ltr'><strong>caveri</strong></span> <span class='ocrx_word' id='word_1_93' title='bbox 595 1383 698 1453; x_wconf 88' lang='lat' dir='ltr'><strong>insuper</strong></span> <span class='ocrx_word' id='word_1_94' title='bbox 714 1379 862 1452; x_wconf 85' lang='lat' dir='ltr'><strong>praepositos</strong></span> <span class='ocrx_word' id='word_1_95' title='bbox 878 1377 991 1451; x_wconf 85' lang='lat' dir='ltr'><strong>jubebat.</strong></span> <span class='ocrx_word' id='word_1_96' title='bbox 1028 1375 1101 1430; x_wconf 88' lang='lat' dir='ltr'><strong>Stre·</strong></span> 
     </span>
     <span class='ocr_line' id='line_1_15' title="bbox 310 1453 1101 1539; baseline -0.02 -17"><span class='ocrx_word' id='word_1_97' title='bbox 310 1485 370 1539; x_wconf 86' lang='lat' dir='ltr'><strong>pere</strong></span> <span class='ocrx_word' id='word_1_98' title='bbox 398 1468 491 1520; x_wconf 86' lang='lat' dir='ltr'><strong>cuneta</strong></span> <span class='ocrx_word' id='word_1_99' title='bbox 513 1459 664 1516; x_wconf 88' lang='lat' dir='ltr'><strong>clamoribus</strong></span> <span class='ocrx_word' id='word_1_100' title='bbox 687 1463 714 1513; x_wconf 89' lang='lat' dir='ltr'><strong>et</strong></span> <span class='ocrx_word' id='word_1_101' title='bbox 737 1457 852 1512; x_wconf 91' lang='lat' dir='ltr'><strong>tumultu</strong></span> <span class='ocrx_word' id='word_1_102' title='bbox 875 1463 901 1511; x_wconf 90' lang='lat' dir='ltr'><strong>et</strong></span> <span class='ocrx_word' id='word_1_103' title='bbox 922 1453 1101 1510; x_wconf 80' lang='lat' dir='ltr'><strong>exhortatione</strong></span> 
     </span>
     <span class='ocr_line' id='line_1_16' title="bbox 311 1529 1102 1608; baseline -0.019 -9"><span class='ocrx_word' id='word_1_104' title='bbox 311 1548 408 1608; x_wconf 85' lang='lat' dir='ltr'><strong>mutua,</strong></span> <span class='ocrx_word' id='word_1_105' title='bbox 426 1559 478 1596; x_wconf 90' lang='lat' dir='ltr'><strong>non</strong></span> <span class='ocrx_word' id='word_1_106' title='bbox 494 1546 614 1608; x_wconf 89' lang='lat' dir='ltr'><strong>tanquam</strong></span> <span class='ocrx_word' id='word_1_107' title='bbox 631 1536 659 1590; x_wconf 92' lang='lat' dir='ltr'><strong>in</strong></span> <span class='ocrx_word' id='word_1_108' title='bbox 676 1535 769 1606; x_wconf 94' lang='lat' dir='ltr'><strong>populo</strong></span> <span class='ocrx_word' id='word_1_109' title='bbox 787 1553 816 1589; x_wconf 88' lang='lat' dir='ltr'><strong>ac</strong></span> <span class='ocrx_word' id='word_1_110' title='bbox 833 1533 914 1605; x_wconf 87' lang='lat' dir='ltr'><strong>plebe,</strong></span> <span class='ocrx_word' id='word_1_111' title='bbox 932 1531 1008 1588; x_wconf 83' lang='lat' dir='ltr'><strong>variis</strong></span> <span class='ocrx_word' id='word_1_112' title='bbox 1026 1529 1102 1601; x_wconf 84' lang='lat' dir='ltr'><strong>segni</strong></span> 
     </span>
     <span class='ocr_line' id='line_1_17' title="bbox 312 1607 1103 1684; baseline -0.02 -8"><span class='ocrx_word' id='word_1_113' title='bbox 312 1621 455 1676; x_wconf 90' lang='lat' dir='ltr'><strong>adulatione</strong></span> <span class='ocrx_word' id='word_1_114' title='bbox 466 1615 577 1679; x_wconf 84' lang='lat' dir='ltr'><strong>vocibus,</strong></span> <span class='ocrx_word' id='word_1_115' title='bbox 591 1613 636 1668; x_wconf 91' lang='lat' dir='ltr'><strong>sed</strong></span> <span class='ocrx_word' id='word_1_116' title='bbox 648 1617 812 1684; x_wconf 80' lang='lat' dir='ltr'><strong>utquomque</strong></span> <span class='ocrx_word' id='word_1_117' title='bbox 825 1610 977 1666; x_wconf 88' lang='lat' dir='ltr'><strong>affluentium</strong></span> <span class='ocrx_word' id='word_1_118' title='bbox 990 1607 1103 1662; x_wconf 89' lang='lat' dir='ltr'><strong>militum</strong></span> 
     </span>
     <span class='ocr_line' id='line_1_18' title="bbox 313 1684 1104 1769; baseline -0.021 -15"><span class='ocrx_word' id='word_1_119' title='bbox 313 1699 470 1769; x_wconf 78' lang='lat' dir='ltr'><strong>aspexerant,</strong></span> <span class='ocrx_word' id='word_1_120' title='bbox 482 1710 601 1765; x_wconf 86' lang='lat' dir='ltr'><strong>prensare</strong></span> <span class='ocrx_word' id='word_1_121' title='bbox 609 1690 732 1754; x_wconf 87' lang='lat' dir='ltr'><strong>manibus,</strong></span> <span class='ocrx_word' id='word_1_122' title='bbox 743 1688 875 1760; x_wconf 86' lang='lat' dir='ltr'><strong>complecti</strong></span> <span class='ocrx_word' id='word_1_123' title='bbox 886 1687 969 1752; x_wconf 87' lang='lat' dir='ltr'><strong>armis,</strong></span> <span class='ocrx_word' id='word_1_124' title='bbox 979 1684 1104 1740; x_wconf 85' lang='lat' dir='ltr'><strong>collocare</strong></span> 
     </span>
     <span class='ocr_line' id='line_1_19' title="bbox 312 1761 1105 1847; baseline -0.018 -17"><span class='ocrx_word' id='word_1_125' title='bbox 312 1777 393 1847; x_wconf 77' lang='lat' dir='ltr'><strong>juxta</strong></span> <span class='ocrx_word' id='word_1_126' title='bbox 403 1773 491 1844; x_wconf 81' lang='lat' dir='ltr'><strong>praeire</strong></span> <span class='ocrx_word' id='word_1_127' title='bbox 503 1773 695 1832; x_wconf 89' lang='lat' dir='ltr'><strong>sacramentnm,</strong></span> <span class='ocrx_word' id='word_1_128' title='bbox 705 1767 779 1821; x_wconf 93' lang='lat' dir='ltr'><strong>modo</strong></span> <span class='ocrx_word' id='word_1_129' title='bbox 791 1767 966 1838; x_wconf 85' lang='lat' dir='ltr'><strong>imperatorem</strong></span> <span class='ocrx_word' id='word_1_130' title='bbox 979 1761 1105 1817; x_wconf 87' lang='lat' dir='ltr'><strong>militibus</strong></span> 
     </span>
     <span class='ocr_line' id='line_1_20' title="bbox 293 1839 1105 1918; baseline -0.02 -9"><span class='ocrx_word' id='word_1_131' title='bbox 293 1845 640 1918; x_wconf 73' lang='lat' dir='ltr'><strong>amodomilitesimperatori</strong></span> <span class='ocrx_word' id='word_1_132' title='bbox 648 1843 829 1900; x_wconf 86' lang='lat' dir='ltr'><strong>commendare.</strong></span> <span class='ocrx_word' id='word_1_133' title='bbox 865 1842 1014 1898; x_wconf 85' lang='lat' dir='ltr'><strong>Necdeerat</strong></span> <span class='ocrx_word' id='word_1_134' title='bbox 1023 1839 1105 1904; x_wconf 92' lang='lat' dir='ltr'><strong>Otho,</strong></span> 
     </span>
     <span class='ocr_line' id='line_1_21' title="bbox 316 1917 1107 2002; baseline -0.018 -18"><span class='ocrx_word' id='word_1_135' title='bbox 316 1927 469 2002; x_wconf 84' lang='lat' dir='ltr'><strong>protendens</strong></span> <span class='ocrx_word' id='word_1_136' title='bbox 489 1941 586 1988; x_wconf 90' lang='lat' dir='ltr'><strong>manus,</strong></span> <span class='ocrx_word' id='word_1_137' title='bbox 605 1921 709 1976; x_wconf 90' lang='lat' dir='ltr'><strong>adorare</strong></span> <span class='ocrx_word' id='word_1_138' title='bbox 726 1921 837 1992; x_wconf 85' lang='lat' dir='ltr'><strong>vulgum,</strong></span> <span class='ocrx_word' id='word_1_139' title='bbox 857 1919 941 1992; x_wconf 85' lang='lat' dir='ltr'><strong>jacere</strong></span> <span class='ocrx_word' id='word_1_140' title='bbox 961 1917 1054 1982; x_wconf 86' lang='lat' dir='ltr'><strong>oscula,</strong></span> <span class='ocrx_word' id='word_1_141' title='bbox 1078 1921 1107 1971; x_wconf 86' lang='lat' dir='ltr'><strong>et</strong></span> 
     </span>
     <span class='ocr_line' id='line_1_22' title="bbox 296 1995 1110 2070; baseline -0.017 -7"><span class='ocrx_word' id='word_1_142' title='bbox 296 2005 402 2063; x_wconf 67' lang='lat' dir='ltr'><strong>somnia</strong></span> <span class='ocrx_word' id='word_1_143' title='bbox 413 2001 537 2059; x_wconf 82' lang='lat' dir='ltr'><strong>serviliter</strong></span> <span class='ocrx_word' id='word_1_144' title='bbox 552 2017 598 2070; x_wconf 90' lang='lat' dir='ltr'><strong>pru</strong></span> <span class='ocrx_word' id='word_1_145' title='bbox 616 1998 793 2053; x_wconf 89' lang='lat' dir='ltr'><strong>dominatione.</strong></span> <span class='ocrx_word' id='word_1_146' title='bbox 829 1999 969 2066; x_wconf 88' lang='lat' dir='ltr'><strong>Postquam</strong></span> <span class='ocrx_word' id='word_1_147' title='bbox 986 1995 1110 2050; x_wconf 81' lang='lat' dir='ltr'><strong>universa</strong></span> 
     </span>
     <span class='ocr_line' id='line_1_23' title="bbox 319 2071 1109 2150; baseline -0.015 -11"><span class='ocrx_word' id='word_1_148' title='bbox 319 2083 479 2140; x_wconf 84' lang='lat' dir='ltr'><strong>classicorum</strong></span> <span class='ocrx_word' id='word_1_149' title='bbox 490 2078 557 2150; x_wconf 83' lang='lat' dir='ltr'><strong>legio</strong></span> <span class='ocrx_word' id='word_1_150' title='bbox 569 2079 752 2132; x_wconf 88' lang='lat' dir='ltr'><strong>sacramentnm</strong></span> <span class='ocrx_word' id='word_1_151' title='bbox 765 2076 820 2146; x_wconf 87' lang='lat' dir='ltr'><strong>ejus</strong></span> <span class='ocrx_word' id='word_1_152' title='bbox 838 2075 942 2147; x_wconf 88' lang='lat' dir='ltr'><strong>aceepit,</strong></span> <span class='ocrx_word' id='word_1_153' title='bbox 955 2074 1033 2129; x_wconf 87' lang='lat' dir='ltr'><strong>ddens</strong></span> <span class='ocrx_word' id='word_1_154' title='bbox 1045 2071 1109 2127; x_wconf 85' lang='lat' dir='ltr'><strong>viri·</strong></span> 
     </span>
     <span class='ocr_line' id='line_1_24' title="bbox 319 2150 1110 2230; baseline -0.016 -13"><span class='ocrx_word' id='word_1_155' title='bbox 319 2161 375 2227; x_wconf 89' lang='lat' dir='ltr'><strong>bus,</strong></span> <span class='ocrx_word' id='word_1_156' title='bbox 385 2166 412 2216; x_wconf 90' lang='lat' dir='ltr'><strong>et</strong></span> <span class='ocrx_word' id='word_1_157' title='bbox 421 2175 484 2230; x_wconf 92' lang='lat' dir='ltr'><strong>quos</strong></span> <span class='ocrx_word' id='word_1_158' title='bbox 496 2155 578 2210; x_wconf 88' lang='lat' dir='ltr'><strong>adhuc</strong></span> <span class='ocrx_word' id='word_1_159' title='bbox 590 2153 703 2225; x_wconf 81' lang='lat' dir='ltr'><strong>singulos</strong></span> <span class='ocrx_word' id='word_1_160' title='bbox 712 2153 925 2218; x_wconf 83' lang='lat' dir='ltr'><strong>exstimulaverat,</strong></span> <span class='ocrx_word' id='word_1_161' title='bbox 934 2150 1110 2207; x_wconf 87' lang='lat' dir='ltr'><strong>accendendos</strong></span> 
     </span>
     <span class='ocr_line' id='line_1_25' title="bbox 276 2227 1111 2310; baseline -0.018 -14"><span class='ocrx_word' id='word_1_162' title='bbox 276 2239 486 2310; x_wconf 75' lang='lat' dir='ltr'><strong>37ineommnne</strong></span> <span class='ocrx_word' id='word_1_163' title='bbox 494 2236 573 2299; x_wconf 86' lang='lat' dir='ltr'><strong>ratus,</strong></span> <span class='ocrx_word' id='word_1_164' title='bbox 582 2249 629 2303; x_wconf 89' lang='lat' dir='ltr'><strong>pro</strong></span> <span class='ocrx_word' id='word_1_165' title='bbox 637 2231 702 2285; x_wconf 87' lang='lat' dir='ltr'><strong>vallo</strong></span> <span class='ocrx_word' id='word_1_166' title='bbox 712 2235 851 2286; x_wconf 88' lang='lat' dir='ltr'><strong>castrorum</strong></span> <span class='ocrx_word' id='word_1_167' title='bbox 858 2227 1111 2301; x_wconf 79' lang='lat' dir='ltr'><strong>itaeoepitz-“Quis</strong></span> 
     </span>
     <span class='ocr_line' id='line_1_26' title="bbox 322 2307 1110 2383; baseline -0.015 -13"><span class='ocrx_word' id='word_1_168' title='bbox 322 2315 354 2370; x_wconf 91' lang='lat' dir='ltr'><strong>ad</strong></span> <span class='ocrx_word' id='word_1_169' title='bbox 371 2332 415 2369; x_wconf 89' lang='lat' dir='ltr'><strong>vos</strong></span> <span class='ocrx_word' id='word_1_170' title='bbox 432 2308 605 2383; x_wconf 88' lang='lat' dir='ltr'><strong>pmcesserim,</strong></span> <span class='ocrx_word' id='word_1_171' title='bbox 623 2307 812 2373; x_wconf 76' lang='lat' dir='ltr'><strong>commilitones,</strong></span> <span class='ocrx_word' id='word_1_172' title='bbox 828 2307 910 2362; x_wconf 88' lang='lat' dir='ltr'><strong>dicere</strong></span> <span class='ocrx_word' id='word_1_173' title='bbox 926 2325 978 2360; x_wconf 92' lang='lat' dir='ltr'><strong>non</strong></span> <span class='ocrx_word' id='word_1_174' title='bbox 994 2323 1110 2376; x_wconf 88' lang='lat' dir='ltr'><strong>possum,</strong></span> 
     </span>
     <span class='ocr_line' id='line_1_27' title="bbox 323 2383 1112 2463; baseline -0.011 -18"><span class='ocrx_word' id='word_1_175' title='bbox 323 2391 382 2463; x_wconf 91' lang='lat' dir='ltr'><strong>quia</strong></span> <span class='ocrx_word' id='word_1_176' title='bbox 392 2407 439 2444; x_wconf 89' lang='lat' dir='ltr'><strong>nee</strong></span> <span class='ocrx_word' id='word_1_177' title='bbox 450 2389 577 2460; x_wconf 85' lang='lat' dir='ltr'><strong>privatum</strong></span> <span class='ocrx_word' id='word_1_178' title='bbox 596 2402 636 2439; x_wconf 87' lang='lat' dir='ltr'><strong>me</strong></span> <span class='ocrx_word' id='word_1_179' title='bbox 652 2401 741 2439; x_wconf 85' lang='lat' dir='ltr'><strong>vocare</strong></span> <span class='ocrx_word' id='word_1_180' title='bbox 757 2385 870 2440; x_wconf 87' lang='lat' dir='ltr'><strong>sustineo</strong></span> <span class='ocrx_word' id='word_1_181' title='bbox 881 2385 997 2456; x_wconf 86' lang='lat' dir='ltr'><strong>princeps</strong></span> <span class='ocrx_word' id='word_1_182' title='bbox 1010 2383 1112 2437; x_wconf 88' lang='lat' dir='ltr'><strong>avobis</strong></span> 
     </span>
     <span class='ocr_line' id='line_1_28' title="bbox 301 2459 1113 2534; baseline -0.015 -9"><span class='ocrx_word' id='word_1_183' title='bbox 301 2467 474 2531; x_wconf 84' lang='lat' dir='ltr'><strong>2nominatns,</strong></span> <span class='ocrx_word' id='word_1_184' title='bbox 497 2483 544 2520; x_wconf 86' lang='lat' dir='ltr'><strong>nee</strong></span> <span class='ocrx_word' id='word_1_185' title='bbox 566 2461 705 2534; x_wconf 88' lang='lat' dir='ltr'><strong>principem</strong></span> <span class='ocrx_word' id='word_1_186' title='bbox 728 2462 776 2516; x_wconf 88' lang='lat' dir='ltr'><strong>alio</strong></span> <span class='ocrx_word' id='word_1_187' title='bbox 799 2462 945 2532; x_wconf 84' lang='lat' dir='ltr'><strong>imperante.</strong></span> <span class='ocrx_word' id='word_1_188' title='bbox 986 2459 1113 2514; x_wconf 84' lang='lat' dir='ltr'><strong>Vestrum</strong></span> 
     </span>
     <span class='ocr_line' id='line_1_29' title="bbox 324 2537 1114 2618; baseline -0.014 -18"><span class='ocrx_word' id='word_1_189' title='bbox 324 2562 424 2618; x_wconf 90' lang='lat' dir='ltr'><strong>quoque</strong></span> <span class='ocrx_word' id='word_1_190' title='bbox 434 2541 559 2596; x_wconf 89' lang='lat' dir='ltr'><strong>nomenin</strong></span> <span class='ocrx_word' id='word_1_191' title='bbox 569 2541 667 2594; x_wconf 82' lang='lat' dir='ltr'><strong>incerto</strong></span> <span class='ocrx_word' id='word_1_192' title='bbox 679 2538 735 2604; x_wconf 88' lang='lat' dir='ltr'><strong>erit,</strong></span> <span class='ocrx_word' id='word_1_193' title='bbox 746 2538 825 2593; x_wconf 91' lang='lat' dir='ltr'><strong>donec</strong></span> <span class='ocrx_word' id='word_1_194' title='bbox 837 2538 994 2594; x_wconf 86' lang='lat' dir='ltr'><strong>dubitabitur</strong></span> <span class='ocrx_word' id='word_1_195' title='bbox 1004 2537 1114 2608; x_wconf 88' lang='lat' dir='ltr'><strong>impera-</strong></span> 
     </span>
     <span class='ocr_line' id='line_1_30' title="bbox 303 2614 1114 2692; baseline -0.014 -13"><span class='ocrx_word' id='word_1_196' title='bbox 303 2629 404 2679; x_wconf 76' lang='lat' dir='ltr'><strong>tionem</strong></span> <span class='ocrx_word' id='word_1_197' title='bbox 414 2614 1026 2692; x_wconf 81' lang='lat' dir='ltr'><strong>populiananiincastrisanhostemhabeatis.</strong></span> <span class='ocrx_word' id='word_1_198' title='bbox 1057 2615 1114 2668; x_wconf 87' lang='lat' dir='ltr'><strong>Au·</strong></span> 
     </span>
     <span class='ocr_line' id='line_1_31' title="bbox 325 2692 1116 2768; baseline -0.014 -11"><span class='ocrx_word' id='word_1_199' title='bbox 325 2702 418 2757; x_wconf 86' lang='lat' dir='ltr'><strong>ditisne</strong></span> <span class='ocrx_word' id='word_1_200' title='bbox 429 2703 460 2753; x_wconf 91' lang='lat' dir='ltr'><strong>ut</strong></span> <span class='ocrx_word' id='word_1_201' title='bbox 471 2714 545 2768; x_wconf 88' lang='lat' dir='ltr'><strong>poena</strong></span> <span class='ocrx_word' id='word_1_202' title='bbox 555 2698 644 2748; x_wconf 85' lang='lat' dir='ltr'><strong>maaet</strong></span> <span class='ocrx_word' id='word_1_203' title='bbox 657 2693 806 2764; x_wconf 87' lang='lat' dir='ltr'><strong>supplicium</strong></span> <span class='ocrx_word' id='word_1_204' title='bbox 815 2697 928 2749; x_wconf 87' lang='lat' dir='ltr'><strong>vestrum</strong></span> <span class='ocrx_word' id='word_1_205' title='bbox 940 2692 1015 2748; x_wconf 91' lang='lat' dir='ltr'><strong>simul</strong></span> <span class='ocrx_word' id='word_1_206' title='bbox 1023 2697 1116 2764; x_wconf 89' lang='lat' dir='ltr'><strong>postu-</strong></span> 
     </span>
     <span class='ocr_line' id='line_1_32' title="bbox 325 2769 1154 2842; baseline -0.01 -8"><span class='ocrx_word' id='word_1_207' title='bbox 325 2777 425 2834; x_wconf 80' lang='lat' dir='ltr'><strong>lentur?</strong></span> <span class='ocrx_word' id='word_1_208' title='bbox 444 2774 506 2829; x_wconf 90' lang='lat' dir='ltr'><strong>adeo</strong></span> <span class='ocrx_word' id='word_1_209' title='bbox 526 2769 688 2825; x_wconf 85' lang='lat' dir='ltr'><strong>manifestum</strong></span> <span class='ocrx_word' id='word_1_210' title='bbox 703 2777 743 2826; x_wconf 88' lang='lat' dir='ltr'><strong>est</strong></span> <span class='ocrx_word' id='word_1_211' title='bbox 761 2790 843 2842; x_wconf 88' lang='lat' dir='ltr'><strong>neque</strong></span> <span class='ocrx_word' id='word_1_212' title='bbox 861 2771 944 2842; x_wconf 87' lang='lat' dir='ltr'><strong>perire</strong></span> <span class='ocrx_word' id='word_1_213' title='bbox 962 2787 1008 2825; x_wconf 92' lang='lat' dir='ltr'><strong>nos</strong></span> <span class='ocrx_word' id='word_1_214' title='bbox 1029 2787 1117 2841; x_wconf 88' lang='lat' dir='ltr'><strong>neque</strong></span> <span class='ocrx_word' id='word_1_215' title='bbox 1153 2821 1154 2832; x_wconf 70' lang='grc'>,</span> 
     </span>
     <span class='ocr_line' id='line_1_33' title="bbox 304 2845 1154 2920; baseline -0.007 -12"><span class='ocrx_word' id='word_1_216' title='bbox 304 2855 408 2910; x_wconf 69' lang='lat' dir='ltr'><strong>taalvos</strong></span> <span class='ocrx_word' id='word_1_217' title='bbox 420 2870 475 2908; x_wconf 88' lang='lat' dir='ltr'><strong>esse</strong></span> <span class='ocrx_word' id='word_1_218' title='bbox 486 2849 597 2904; x_wconf 87' lang='lat' dir='ltr'><strong>nisinna</strong></span> <span class='ocrx_word' id='word_1_219' title='bbox 605 2864 687 2917; x_wconf 86' lang='lat' dir='ltr'><strong>posse.</strong></span> <span class='ocrx_word' id='word_1_220' title='bbox 714 2850 757 2915; x_wconf 81' lang='lat' dir='ltr'><strong>Et,</strong></span> <span class='ocrx_word' id='word_1_221' title='bbox 770 2847 963 2920; x_wconf 88' lang='lat' dir='ltr'><strong>cujuslenitatis</strong></span> <span class='ocrx_word' id='word_1_222' title='bbox 976 2847 1117 2915; x_wconf 83' lang='lat' dir='ltr'><strong>esthlba,</strong></span> <span class='ocrx_word' id='word_1_223' title='bbox 1153 2845 1154 2852; x_wconf 65' lang='lat'><em>&#39;</em></span> 
     </span>
     <span class='ocr_line' id='line_1_34' title="bbox 325 2925 1154 3011; baseline -0.016 -17"><span class='ocrx_word' id='word_1_224' title='bbox 325 2940 377 3011; x_wconf 85' lang='lat' dir='ltr'><strong>jam</strong></span> <span class='ocrx_word' id='word_1_225' title='bbox 389 2938 497 2992; x_wconf 70' lang='lat' dir='ltr'><strong>fumasse</strong></span> <span class='ocrx_word' id='word_1_226' title='bbox 508 2930 631 3004; x_wconf 88' lang='lat' dir='ltr'><strong>promisit,</strong></span> <span class='ocrx_word' id='word_1_227' title='bbox 644 2932 674 2982; x_wconf 91' lang='lat' dir='ltr'><strong>ut</strong></span> <span class='ocrx_word' id='word_1_228' title='bbox 686 2926 730 2997; x_wconf 88' lang='lat' dir='ltr'><strong>qui</strong></span> <span class='ocrx_word' id='word_1_229' title='bbox 741 2925 810 2980; x_wconf 93' lang='lat' dir='ltr'><strong>nullo</strong></span> <span class='ocrx_word' id='word_1_230' title='bbox 823 2929 974 2995; x_wconf 84' lang='lat' dir='ltr'><strong>exposcente</strong></span> <span class='ocrx_word' id='word_1_231' title='bbox 985 2929 1026 2979; x_wconf 94' lang='lat' dir='ltr'><strong>tot</strong></span> <span class='ocrx_word' id='word_1_232' title='bbox 1038 2925 1121 2982; x_wconf 86' lang='lat' dir='ltr'><strong>millia</strong></span> <span class='ocrx_word' id='word_1_233' title='bbox 1150 2963 1154 2994; x_wconf 69' lang='lat'><strong>,</strong></span> 
     </span>
     <span class='ocr_line' id='line_1_35' title="bbox 308 3001 1121 3074; baseline -0.021 0"><span class='ocrx_word' id='word_1_234' title='bbox 308 3011 592 3074; x_wconf 63' lang='lat' dir='ltr'><strong>§innocentissimorum</strong></span> <span class='ocrx_word' id='word_1_235' title='bbox 610 3003 720 3059; x_wconf 83' lang='lat' dir='ltr'><strong>militnm</strong></span> <span class='ocrx_word' id='word_1_236' title='bbox 737 3001 910 3057; x_wconf 87' lang='lat' dir='ltr'><strong>trucidaverit.</strong></span> <span class='ocrx_word' id='word_1_237' title='bbox 946 3001 1047 3058; x_wconf 89' lang='lat' dir='ltr'><strong>Horror</strong></span> <span class='ocrx_word' id='word_1_238' title='bbox 1065 3005 1121 3058; x_wconf 86' lang='lat' dir='ltr'><strong>ani-</strong></span> 
     </span>
    </p>
   </div>
   <div class='ocr_carea' id='block_1_3' title="bbox 0 0 1324 3592">
    <p class='ocr_par' dir='ltr' id='par_1_3' title="bbox 0 0 1324 3592">
     <span class='ocr_line' id='line_1_36' title="bbox 0 0 1324 3592; baseline 0 0"><span class='ocrx_word' id='word_1_239' title='bbox 0 0 1324 3592; x_wconf 95' lang='lat' dir='ltr'><strong> </strong></span> 
     </span>
    </p>
   </div>
  </div>
 </body>
</html>
