2575 3592
297 424 329 472 86
631 426 750 475 TACITl

927 487 962 535 [Δ.
970 486 999 527 U.
1008 486 1031 525 G.
1040 484 1088 527 821.

273 535 386 594 clumam
405 535 546 592 clementias
565 537 702 593 affectaret.
740 534 855 603 Sabinus,
876 540 967 607 suopte
985 536 1089 609 ingenio

294 614 371 678 mitis,
384 613 429 668 ubi
441 613 548 668 formido
561 615 714 679 incessisset,
724 615 804 669 facilis
813 618 921 678 mutatu,
932 612 994 668 etin
1006 612 1089 667 alieno

294 690 437 745 discrimina
454 690 503 746 sibi
518 710 619 762 pavens,
636 710 669 746 ne
690 692 813 747 allusisse
831 690 967 756 videratur,
987 689 1089 761 impulit

250 772 417 825 64ruentem
453 768 539 841 Igitur
558 768 686 835 Vitellius,
711 773 783 824 metu
806 772 833 824 et
856 768 922 833 odio,
948 767 1016 839 qnod
1038 766 1089 822 Pe-

294 844 403 898 troniam
418 862 522 899 uxorem
543 845 598 917 ejus
618 864 679 901 mox
697 846 830 901 Dolabella
849 846 877 900 in
899 844 1088 899 matrimonium

294 922 440 991 accepisset,
460 924 579 977 vocatum
599 940 646 993 per
661 922 788 994 epistolas,
808 922 889 977 vitata
899 921 1028 976 Flaminiae
1039 921 1088 975 viae

294 997 447 1064 celebritate,
470 998 601 1054 desertam
621 998 805 1055 Interamnium
826 1004 903 1070 atque
925 997 961 1054 ibi
978 998 1089 1053 interfici

273 1074 377 1144 2jussit.
412 1075 530 1147 Longum
548 1076 708 1131 interfectori
724 1076 821 1132 risum:
846 1076 875 1131 in
892 1075 982 1130 itinera
1001 1092 1030 1129 ao
1048 1078 1089 1129 ta-

295 1151 372 1206 berna
391 1152 532 1224 projectum
551 1152 623 1207 humi
644 1152 779 1225 jugulavit,
801 1169 894 1224 magna
915 1168 973 1207 cum
992 1150 1089 1205 invidia

293 1229 353 1282 novi
372 1228 535 1300 principatus,
556 1231 629 1301 cnjus
654 1230 702 1285 hoc
722 1229 830 1301 primum
852 1228 979 1301 specimen
998 1244 1090 1282 nosce-

271 1305 376 1359 8batur.
412 1306 447 1361 Ht
463 1306 568 1361 Triariae
586 1306 714 1361 licentiam
725 1304 894 1361 modastnme
912 1304 1026 1377 proximo
1043 1322 1089 1359 ca-

293 1382 402 1453 emplum
426 1384 554 1449 onerabat,
579 1383 681 1438 Galeria
699 1382 858 1453 imperatoris
878 1401 951 1447 uror,
973 1398 1024 1435 non
1041 1381 1088 1435 irn-

293 1460 374 1513 mixta
395 1460 531 1525 tristibus;
554 1463 582 1515 et
605 1460 661 1531 pari
681 1459 808 1531 probitate
826 1462 909 1513 muter
924 1458 1087 1513 Vitelliorum

270 1536 405 1601 4Sextilia,
423 1536 522 1607 antiqui
541 1537 626 1591 moris.
663 1536 766 1591 Dixisse
785 1536 925 1607 quinetiam
941 1534 973 1590 ad
990 1536 1088 1605 pmmas

291 1613 336 1667 filii
348 1614 389 1668 sui
407 1614 528 1685 epistolas
548 1614 679 1669 ferebatur
697 1630 749 1667 non
770 1613 947 1668 Germanicum
966 1630 981 1666 a
1001 1630 1029 1667 se
1042 1614 1088 1667 sed

269 1691 424 1749 avriellium
437 1693 559 1763 genitum.
595 1692 653 1748 Nec
664 1691 723 1746 ullis
735 1695 824 1762 postea
835 1692 944 1747 fortuna
961 1690 1088 1746 illecebris

292 1772 337 1822 ant
360 1768 457 1823 ambitu
477 1769 589 1824 civitatis
613 1768 782 1841 ingaudium
806 1768 895 1834 evicta,
921 1767 1010 1823 domus
1032 1786 1089 1824 suaa

291 1848 393 1899 tantum
404 1845 509 1900 adversa
522 1846 608 1901 sensit.

247 1932 284 1985 65
326 1921 476 1992 Digressum
495 1940 511 1976 a
529 1922 657 1992 Lugduno
675 1921 808 1977 Vitellium
828 1921 866 1977 M.
880 1921 984 1977 Cluvius
999 1920 1089 1977 Rufus

291 1999 442 2069 assequitur,
461 1999 553 2054 omissa
568 1998 701 2071 Hispania,
718 1999 832 2054 laetitiam
848 2002 875 2055 et
890 1997 1089 2070 gratulationem

291 2075 364 2130 vultu
374 2075 467 2142 feneus,
481 2076 564 2131 animo
580 2076 678 2143 anxius,
691 2080 717 2131 et
735 2076 845 2148 petitum
861 2094 889 2131 se
907 2074 1090 2130 criminationi-

268 2153 338 2209 2bus
358 2173 460 2226 gnarus.
497 2154 620 2223 Hilarius,
633 2154 741 2210 Casama
753 2154 868 2223 libertus,
881 2153 1016 2219 detulerat,
1029 2156 1089 2207 tau·

290 2250 373 2301 quam,
395 2232 482 2287 andito
496 2232 595 2287 Vitellii
615 2236 642 2287 et
661 2232 769 2287 Othonis
788 2231 939 2303 principatu,
957 2230 1089 2301 propriam

288 2307 343 2377 ipse
355 2310 494 2380 potentiam
507 2313 534 2364 et
549 2308 734 2380 possessionem
750 2308 932 2379 Hispaniarum
947 2308 1089 2375 mutasset,

289 2403 369 2455 eoque
397 2386 576 2457 diplomatibus
598 2386 697 2441 nullum
720 2386 857 2457 principem
880 2384 1088 2457 praescripsisset.

267 2462 510 2532 alntcrpretabatur
527 2463 642 2534 quaedam
660 2480 692 2517 ex
709 2462 865 2517 orationibus
880 2462 942 2533 ejus,
956 2464 1089 2517 contume-

288 2537 352 2592 liosa
363 2538 390 2593 in
401 2539 534 2593 Vitellium
547 2543 574 2594 et
586 2558 632 2611 pro
644 2556 672 2595 se
689 2540 745 2610 ipso
761 2538 898 2610 popularia
936 2538 1090 2595 Auctoritas

289 2616 374 2670 Cluvii
385 2617 524 2687 prevaluit,
536 2620 567 2671 ut
579 2618 664 2688 puniri
675 2618 743 2672 ultro
753 2616 871 2672 libertum
879 2634 955 2671 suum
963 2616 1089 2673 Vitellius

266 2710 282 2754 4
287 2692 396 2761 juberet.
433 2693 539 2748 Cluvius
551 2694 683 2749 comitatui
698 2694 817 2764 principis
835 2692 957 2764 adjectus,
972 2710 1024 2747 uon
1042 2694 1090 2748 ad-

288 2773 375 2839 empta
397 2769 530 2839 Hispania,
554 2788 629 2840 quam
652 2771 719 2825 rexit
742 2770 833 2825 absens
856 2770 971 2841 exemplo
990 2768 1022 2823 Is.
1037 2772 1089 2825 Ar·

288 2845 375 2899 mutii.
410 2846 478 2900 Ham
506 2845 622 2900 'liberius
652 2846 737 2901 Caesar
765 2846 798 2901 ob
827 2849 932 2911 metum,
961 2844 1088 2901 Vitellius

266 2920 407 2977 &clumam
418 2922 489 2977 nulla
499 2921 632 2978 formidine
643 2922 776 2978 refluebat.
812 2922 873 2978 Non
880 2922 947 2978 idem
957 2921 1088 2978 Trebellio
