2575 3592
189 469 209 506 Α
229 466 248 505 D
264 464 307 514 w]
361 402 612 453 fflsroalaattas
629 403 676 452 IV.
691 405 794 453 49-52.
934 407 980 455 tas

185 517 299 579 stiterat,
317 513 350 569 ad
366 513 491 585 legionem
508 514 647 581 contendit,
665 514 868 587 Preiectumqus
884 517 979 570 castro

185 612 254 658 ram,
276 591 425 647 Oetromm
446 592 575 658 Pisanum,
596 592 686 649 vinciri
702 593 788 664 jussit,
808 592 922 665 proprias
945 592 979 647 cb

186 668 347 725 simrdtaoes:
366 668 411 724 sed
429 669 530 725 Pisonis
547 669 682 725 satellitem
705 669 817 737 rocabst,
836 669 979 741 militesque

186 751 216 802 ct
233 745 403 801 Centuriones
421 745 543 817 quosdam
558 746 650 817 puniit,
667 746 728 802 alios
745 745 854 818 prmniis
876 746 978 801 admit:

185 827 309 879 neutrum
331 842 365 878 ex
387 822 487 888 merito,
511 822 557 879 sed
579 828 609 879 ut
632 824 787 895 oppressisse
810 822 903 879 bellum
924 840 980 879 cre·

187 900 300 956 deretur.
335 900 401 955 Mox
421 899 559 965 iliensium,
580 900 825 973 Leptitanorumque
841 899 1001 956 discordisst

187 976 324 1047 componit,
337 994 400 1048 que,
411 981 488 1047 raptu
499 976 602 1048 frugum
613 982 639 1033 et
651 995 770 1048 pecorum
777 977 845 1036 inter
854 982 978 1049 agrestes,

186 1052 295 1110 modicis
313 1052 450 1125 principiis,
468 1057 523 1123 jam
540 1072 586 1125 per
604 1072 674 1109 arma
696 1058 773 1125 atque
795 1054 862 1109 ames
880 1072 979 1109 exerce

186 1132 291 1187 buntur.
336 1130 405 1185 Nam
433 1130 541 1201 populus
562 1130 670 1195 OEeusis,
685 1130 848 1185 multitudine
867 1130 978 1196 inferior,

188 1210 356 1264 Gmamautm
374 1204 510 1271 exciverat,
528 1212 630 1278 gentem
647 1206 794 1263 indomitam
810 1210 837 1261 et
854 1207 921 1263 iuter
940 1225 980 1263 ac

187 1284 259 1341 colas
270 1283 406 1339 lmrooiniis
418 1283 559 1339 fecundam.
595 1283 671 1339 Unde
685 1290 761 1339 arcte
774 1283 918 1354 Iaeptitauis
929 1299 1002 1349 reat

187 1362 293 1431 lateque
304 1360 409 1416 vastatis
421 1360 489 1431 agris
507 1360 575 1415 intre
588 1361 681 1415 moeuia
696 1359 872 1432 trepidabant:
891 1359 979 1426 donec,

188 1440 339 1494 interventu
356 1437 496 1492 cohortium
519 1436 671 1509 alarumque,
690 1436 742 1492 fusi
765 1437 930 1493 Garamantes
953 1441 981 1493 et

189 1516 296 1584 recepta
318 1514 397 1569 omum
420 1513 511 1585 praeda,
535 1513 585 1571 nisi
608 1532 683 1585 quam
705 1513 765 1585 vagi
786 1532 832 1584 per
854 1513 981 1569 inaccessa

190 1590 329 1662 mapalium
339 1590 500 1647 ulterioribus
511 1590 684 1647 vendiderant.

228 1670 266 1723 At
283 1666 445 1739 Vespasiano,
462 1671 520 1739 post
536 1667 730 1723 Cremonensem
745 1685 855 1739 pugnam
869 1669 896 1723 et
910 1672 1024 1739 pros-51

190 1762 268 1818 peres
288 1744 400 1816 undique
417 1744 529 1811 nuntios,
549 1743 670 1801 cecidisse
686 1744 827 1809 Vitellium,
845 1744 920 1800 multi
937 1763 982 1801 cu·

187 1826 283 1897 jusque
294 1821 397 1887 ordinis,
409 1821 465 1893 pari
481 1820 585 1877 sadada
601 1821 753 1893 fortunaque
769 1822 902 1878 hibernum
912 1840 981 1879 maro

191 1900 314 1973 aggressi,
336 1900 492 1955 mundavere
527 1897 641 1955 Aderant
658 1898 737 1970 legati
756 1899 834 1971 Regis
851 1898 981 1971 Vologesi,

192 1976 360 2049 quadraginta
368 1976 521 2031 Parthorum
529 1975 643 2046 equitnm
654 1976 732 2031 milda
739 1976 881 2032 offerentes.
907 1976 1004 2047 Mag-2

192 2054 295 2109 uilicum
310 2055 455 2125 laetumque,
471 2052 550 2109 tantis
567 2054 691 2109 sociorum
705 2053 805 2109 aumliis
822 2053 918 2118 ambiri,
938 2072 983 2108 ne·

194 2148 245 2201 qua
267 2130 387 2201 indigere.
423 2130 518 2185 Gratiae
541 2129 668 2201 Vologese
686 2134 757 2195 acte,
777 2130 981 2201 mandatumque,

192 2213 226 2262 ut
242 2206 339 2278 legatos
357 2206 389 2262 ad
407 2207 529 2263 Senatum
546 2206 659 2263 mitteret
676 2211 704 2261 et
720 2224 807 2278 pacem
823 2225 880 2261 esse
897 2206 981 2261 sciret.

193 2284 374 2355 Vespasianus,
386 2284 414 2339 iu
424 2284 526 2339 Italiam
537 2301 627 2354 resque
638 2283 708 2339 urbis
718 2283 841 2348 intentas,
853 2282 1004 2339 edomans

193 2361 226 2416 de
237 2360 384 2415 Domitiano
394 2363 487 2416 famam
499 2360 607 2431 accipit:
624 2364 744 2432 tanquam
760 2360 881 2416 terminos
899 2360 982 2417 atatis

193 2444 221 2495 et
238 2454 359 2494 couccssa
372 2436 422 2493 filio
438 2436 608 2510 egrederetur.
643 2437 730 2509 Igitur
744 2436 922 2493 validissimam
938 2456 984 2493 ex·

194 2516 288 2571 orcitus
299 2519 398 2587 partem
409 2514 468 2574 'lito
478 2514 564 2580 tradit,
578 2513 611 2569 ad
621 2514 719 2585 reliqua
734 2513 835 2570 Judaici
850 2514 909 2571 belli
925 2533 983 2586 per-

194 2592 323 2663 petranda
359 2592 453 2658 litum,
468 2595 603 2663 antequam
622 2590 803 2662 digrederetur,
819 2591 900 2647 multo
915 2592 983 2664 apud
990 2592 1027 2645 ta

194 2674 293 2741 patrem
314 2686 430 2725 samone
453 2668 539 2725 orasse
568 2667 706 2733 dicebatur,
735 2686 769 2724 ue
796 2668 983 2725 criminantium

194 2746 292 2802 nuntiis
310 2750 405 2803 umere
427 2745 620 2803 accenderetur:
639 2745 816 2817 integrumque
836 2764 864 2801 se
883 2763 912 2800 ac
931 2744 983 2815 pla·

193 2822 299 2883 oabilem
310 2822 361 2879 filiu
372 2827 513 2895 prostaret.
548 2822 575 2877 N
576 2840 610 2877 on
620 2821 740 2893 legiones,
751 2839 803 2877 nou
813 2821 914 2887 clmses,
926 2838 984 2890 per·

192 2900 254 2957 inde
273 2901 345 2957 firma
365 2900 465 2973 imperii
486 2899 649 2964 munimenta,
674 2917 750 2970 quam
770 2915 903 2954 numerum
922 2896 984 2951 libs·

193 2996 290 3035 rorum.
333 2978 401 3035 Nam
424 2978 518 3035 amicos
545 2984 669 3047 tempore,
692 2976 802 3040 fortuna,
825 2972 1003 3044 mpidinibssa
