2575 3592
176 482 240 523 m
250 482 292 530 m
348 417 598 477 aristomenon
613 415 666 466 111.
683 413 785 463 se—el.
914 413 959 461 129

176 533 288 587 Blesum
298 529 408 585 visendo.
444 530 515 591 Quin
526 533 553 586 et
565 528 652 585 audita
663 529 703 583 est
715 524 852 583 sevissima
862 521 962 579 Vitellii

175 627 234 674 vox,
253 626 303 679 qua
319 625 347 661 se
365 608 431 680 (ipsa
447 609 516 661 enim
532 605 610 662 verba
624 602 750 671 referam)
763 600 861 673 pavisse
876 600 961 657 oculos

174 689 292 756 spectata
313 683 408 739 inimici
430 687 512 737 morte
533 682 646 754 jactarit
681 680 772 744 Blaeso,
794 696 870 749 super
892 676 986 732 clari-8

173 766 257 817 tatem
274 760 396 815 natalium
412 763 439 815 ct
457 759 607 831 elegantiam
625 776 731 822 morum,
750 754 809 811 lidei
826 753 963 809 obstinatio

174 839 235 893 fuit.
271 836 386 908 Integris
404 854 505 906 quoque
521 836 634 901 rebusa
652 833 753 890 Grecirna
769 835 796 887 et
813 830 964 903 primoribus

175 914 297 987 partium,
304 915 359 983 jam
370 911 503 968 Vitellium
515 910 715 983 aspernantibus,
727 908 844 975 ambitus,
855 908 964 963 abnuere

175 990 356 1064 perseverarit.
405 989 524 1054 Sanctus,
540 987 693 1053 inturbidus,
719 985 813 1043 nrrllius
840 984 989 1057 repentinis

174 1067 288 1132 honoris,
300 1066 363 1121 adeo
374 1082 427 1120 non
435 1064 589 1137 principatus
600 1068 729 1136 appetens,
740 1080 831 1134 parum
842 1062 965 1134 effugerat

175 1163 210 1201 ne
223 1143 315 1215 diguus
327 1141 481 1198 crederetm.

213 1219 309 1275 Fabius
321 1218 424 1273 interim
433 1217 536 1284 Valens,
547 1217 629 1273 multo
642 1234 673 1273 ae
689 1214 758 1272 molli
770 1213 965 1273 concubinarum
974 1210 1011 1263 40

177 1296 370 1369 spadonumque
382 1294 480 1367 agmine
491 1295 594 1366 segnius
603 1312 679 1365 quam
691 1292 723 1348 ad
734 1292 827 1348 bellum
838 1290 965 1357 incedens,

178 1372 312 1445 proditam
329 1390 345 1427 a
360 1371 459 1427 Lucilio
475 1372 556 1427 Basso
574 1373 748 1427 Ravennatem
765 1369 869 1425 classem
885 1368 966 1440 perui·

177 1450 253 1507 cibus
264 1448 361 1503 nuntiis
378 1448 482 1520 accepit.
517 1448 554 1504 ut
569 1448 591 1504 si
605 1452 716 1519 coeptmn
733 1447 784 1502 iter
798 1445 990 1517 propertssett

177 1528 315 1581 nutantem
326 1524 450 1581 Caecinam
460 1525 598 1596 prevenire
609 1529 655 1580 ant
664 1528 722 1580 ante
734 1522 868 1579 discrimen
875 1539 966 1593 pugme

178 1602 282 1673 assequi
293 1601 403 1673 legiones
415 1602 548 1673 potuisset.
583 1601 641 1657 Nec
653 1600 756 1657 deerant
768 1598 811 1671 qui
828 1602 990 1667 mouerentt

176 1683 211 1734 ut
223 1696 282 1733 cum
292 1678 419 1733 fidissimis
426 1697 472 1749 per
482 1678 596 1734 occultos
607 1678 730 1743 tramites,
744 1676 824 1732 vitata
835 1676 967 1741 Ravenna,

176 1754 318 1811 Hostiliam
337 1754 518 1810 Cremonamve
537 1758 662 1827 pergeret.
697 1752 762 1809 Aliis
782 1752 906 1824 placebat,
929 1769 969 1807 ac·

178 1832 238 1888 citis
258 1850 291 1885 ex
310 1830 374 1887 urbe
393 1832 519 1901 praetoriis
539 1830 694 1897 cohortibus,
715 1828 798 1885 valida
816 1848 894 1885 mauu
913 1846 970 1900 per-

178 1926 305 1979 rumpere.
329 1908 398 1977 Ipse,
412 1908 496 1962 inutili
507 1909 676 1973 renotatione,
686 1906 776 1979 agendi
787 1910 902 1978 tempora
913 1912 993 1965 con-4

180 1983 299 2040 saltando
322 1984 496 2055 consumpsit:
530 2003 592 2040 mox
613 1988 753 2055 utrumque
776 1983 910 2039 consilium
931 2000 970 2039 as-

180 2064 311 2132 pernatus,
331 2060 411 2131 (quod
428 2060 496 2115 inter
513 2061 633 2132 ancipitia
650 2060 815 2124 deterrimum
832 2060 892 2130 est)
909 2058 970 2115 dum

181 2134 267 2191 media
278 2137 399 2206 sequitur,
411 2155 459 2193 nec
468 2156 545 2191 ausus
554 2142 594 2192 est
602 2136 666 2193 satis
674 2154 721 2192 uec
729 2135 848 2207 providit.

218 2212 309 2267 Missis
317 2211 348 2267 ad
357 2212 489 2268 Vitellium
497 2213 577 2268 literis
585 2212 709 2268 auxilium
715 2211 835 2283 postulat.
871 2212 971 2267 Venere
979 2217 1014 2271 41

180 2293 238 2345 tres
255 2287 370 2344 cohortes
387 2307 446 2345 cum
461 2289 501 2345 alo
517 2290 671 2358 Britannica,
688 2306 770 2359 neque
787 2288 820 2344 ed
834 2286 972 2343 fallendum

181 2370 260 2437 aptus
277 2382 397 2420 numerus
414 2384 496 2437 neque
520 2365 552 2421 ad
574 2364 766 2437 penetrandum
803 2364 854 2420 Sed
876 2363 995 2423 Valens2

181 2461 215 2498 ne
238 2441 267 2497 in
295 2443 369 2495 tanto
391 2441 493 2513 quidem
516 2442 659 2497 discrimm
682 2440 785 2497 infamia
808 2440 897 2507 camut,
921 2458 972 2513 quo

184 2520 270 2573 minus
288 2535 377 2588 rapere
393 2518 495 2574 illicitas
511 2518 664 2590 voluptates,
679 2517 860 2591 adulteriisque
875 2536 905 2573 ac
920 2522 973 2574 stu·

184 2595 238 2666 pris
262 2592 375 2665 polluere
401 2594 530 2666 hospitum
557 2594 646 2651 domus
673 2594 823 2651 crederetur.
860 2594 974 2651 Aderant

185 2670 226 2724 ris
248 2674 276 2727 et
298 2670 406 2741 pecuum
429 2675 456 2727 et
478 2672 576 2727 mentis
598 2672 707 2727 fouens
730 2671 866 2727 norissima
888 2670 973 2729 libido.

185 2746 307 2803 Adventu
323 2748 425 2803 demum
440 2747 554 2819 peditum
570 2749 736 2819 equitumque
750 2748 862 2819 pravitas
877 2746 999 2809 consiliis

185 2824 279 2895 patuit,
297 2825 357 2895 quia
372 2842 421 2880 nec
437 2825 528 2880 vadere
552 2842 597 2895 per
616 2824 704 2879 hostes
723 2827 777 2879 tam
799 2842 878 2895 parva
899 2840 977 2880 manu

184 2903 296 2972 poterat,
315 2902 391 2957 etiam
411 2901 435 2957 si
453 2901 576 2957 fidissima
594 2900 670 2967 foret,
688 2918 735 2955 nec
755 2900 880 2971 integram
900 2896 976 2953 fidem

184 2975 333 3033 nonme
368 2976 456 3035 Pudor
466 2982 553 3034 tamen
564 2981 591 3031 et
602 2976 735 3048 presentis
747 2974 819 3031 dude
836 2970 978 3033 reverentia
998 2975 1003 2985 '

208 3066 376 3106 nestorem.
572 3061 593 3101 ι
