2575 3592
227 483 289 524 m.
300 483 343 546 a]
479 423 663 472 Aculeone
680 423 784 471 43-46.
972 423 1019 471 283

226 534 339 589 Maurici
358 533 509 606 Rusticique
525 535 602 601 rbus,
620 553 668 590 uos
685 531 814 589 innocenti
832 530 956 604 sauguine
977 533 1020 588 Se

226 611 300 666 necio
312 611 433 682 perfudit
469 612 540 666 Nero
552 619 638 667 tumen
650 610 777 671 subtraxit
789 608 883 676 oerdos,
891 608 1043 680 jussitquct

227 683 330 753 scelere,
347 706 399 742 nou
416 688 556 758 spectavit:
575 689 703 761 praecipua
719 685 767 743 sub
784 685 930 740 Domitiano
947 686 1020 741 misc·

225 765 320 819 riarum
338 783 396 836 pars
412 771 468 820 erat
484 765 570 821 videre
585 771 611 820 et
628 766 716 836 aspici,
733 783 791 820 eum
809 762 917 833 suspiria
932 767 1020 818 nostra

226 841 453 907 subscribereutur,
464 861 521 898 cum
531 842 681 898 denotandis
692 846 733 897 tot
745 841 873 896 hominum
884 839 1020 910 palloribus

226 919 355 973 sufficeret
366 937 448 974 sevus
460 919 502 974 ille
510 920 597 974 vultus
609 926 636 976 et
649 919 733 986 rubor,
743 937 793 990 quo
805 936 833 972 se
842 921 931 972 contre
942 915 1020 988 pudo·

225 1014 280 1050 reru
293 995 432 1051 muniebat.
445 997 485 1050 uu
493 1015 554 1051 vero
566 997 636 1062 felix,
650 995 777 1068 Agricola,
789 1013 840 1050 uou
851 994 911 1050 riter
919 997 1043 1048 tmmma

225 1071 350 1139 claritate,
362 1072 491 1127 sedetiam
500 1074 692 1144 opportunitate
700 1072 797 1126 mortis.
828 1071 867 1126 Ut
877 1069 1018 1142 perbibent,

225 1148 271 1220 qui
283 1149 452 1204 iuterfuerunt
463 1150 606 1205 novissimis
618 1148 776 1206 sermonibus
788 1147 849 1210 tuis,
862 1152 981 1202 constans
993 1150 1020 1202 et

224 1225 308 1280 libens
318 1227 399 1280 fatum
409 1226 538 1296 excepisti,
552 1232 673 1298 tauquam
686 1243 732 1294 pro
743 1224 810 1279 virili
821 1223 937 1294 portione
948 1225 1021 1278 inuo-

225 1301 335 1356 centiam
347 1302 456 1373 principi
465 1302 581 1357 donares.
618 1301 739 1357 Sedmihi
749 1301 855 1371 filioeque
865 1300 919 1371 ejus
928 1307 1043 1371 praetera

225 1376 389 1432 acerbitatem
402 1379 514 1448 parentis
527 1379 609 1451 erepti
621 1384 699 1450 auget
713 1377 865 1441 mestitiam,
879 1375 947 1448 quod
958 1376 1020 1432 usai·

225 1453 286 1508 dere
303 1454 444 1520 valitudini,
464 1455 551 1511 fovere
571 1456 737 1520 deiicientem,
756 1453 843 1509 satiari
860 1453 934 1507 vultu
952 1471 1019 1508 com·

225 1530 353 1602 plexuque
373 1550 425 1586 non
443 1532 559 1604 contigit.
596 1532 791 1603 Excepissemus
812 1533 881 1585 certe
900 1529 1042 1584 mundatet

225 1625 360 1678 vocesque,
380 1627 442 1679 quus
463 1610 564 1680 penitus
583 1610 666 1664 animo
684 1609 826 1680 figuremus.
862 1606 960 1661 Noster
977 1606 1019 1662 hio

226 1683 305 1748 dolor,
318 1692 434 1739 nostrum
449 1685 550 1751 vulnus,
563 1686 636 1741 uobis
653 1690 705 1739 tam
725 1685 807 1756 lunga
824 1683 944 1738 absentie
958 1701 1019 1738 cou-

225 1760 322 1814 ditioue
334 1766 393 1814 aute
405 1762 595 1836 quadriennium
609 1762 716 1817 amissus
729 1779 763 1816 es.
801 1760 890 1815 Omnia
907 1761 961 1814 siue
973 1759 1042 1814 ‹lu-o

224 1836 274 1901 bio,
288 1837 383 1907 optime
395 1843 536 1908 parentum,
550 1839 678 1894 assidente
693 1837 864 1892 amentissima
878 1855 964 1905 uxore,
977 1855 1020 1892 su·

223 1913 342 1984 perluere
356 1914 446 1969 honori
461 1921 523 1970 tuo:
548 1915 711 1986 paucioribus
728 1920 814 1970 tamen
830 1913 938 1970 lacrimis
952 1932 1019 1969 oom-

224 1990 325 2060 positus
332 2009 368 2055 es,
379 1995 405 2045 et
417 1992 553 2047 novissima
563 1993 590 2047 iu
602 1993 658 2048 luce
668 1992 840 2047 desideravere
849 1990 943 2062 aliquid
952 1989 1018 2045 oculi

224 2067 271 2120 tui.
309 2067 335 2120 Si
354 2068 411 2138 quis
427 2068 527 2138 piomm
543 2069 664 2124 Manibus
681 2070 759 2134 locus,
776 2069 805 2135 si,
817 2072 847 2122 ut
863 2067 1019 2138 sapientibus
1027 2068 1065 2122 lu

224 2142 315 2213 placet,
333 2161 384 2197 uon
399 2162 457 2199 curu
473 2163 577 2215 corpore
591 2146 790 2216 exstinguuntur
807 2162 905 2214 magnae
923 2143 1019 2212 anime,

224 2219 322 2289 placide
334 2221 456 2290 quiescas,
469 2239 573 2293 nosque,
585 2221 689 2276 domum
705 2226 784 2285 tuam,
798 2220 829 2276 ab
841 2220 939 2274 infirmo
956 2219 1019 2274 dosi-

223 2295 295 2351 derio
304 2302 331 2350 et
342 2297 507 2352 muliebribus
519 2298 636 2353 lamentis
649 2298 681 2353 ad
693 2297 931 2368 contemplationem
940 2297 1020 2351 virtu·

221 2378 281 2427 tum
292 2377 394 2428 tuarum
412 2392 495 2439 voces,
508 2393 572 2446 quus
588 2393 670 2446 neque
687 2374 768 2446 lugeri
784 2391 866 2444 neque
883 2372 968 2444 pluugi
980 2375 1019 2428 fes

221 2456 271 2505 est.
296 2450 471 2505 Admiratione
482 2456 509 2506 te
520 2452 606 2522 potius
616 2471 690 2522 quam
699 2450 880 2522 temporalibus
893 2449 1017 2515 laudibus,
1026 2461 1041 2507 2

221 2535 257 2592 et,
280 2526 303 2581 si
322 2545 357 2580 na
356 2531 415 2583 ture
435 2528 588 2598 suppeditet,
610 2528 776 2584 similitudine
800 2527 954 2584 decoremus.
989 2527 1018 2582 Is

221 2621 299 2658 verus
322 2603 410 2668 honor,
435 2623 466 2659 ee
477 2605 689 2694 'conjunctissimi
712 2605 835 2677 cujusque
858 2605 947 2676 pietus.
986 2603 1041 2661 Ida

221 2680 282 2734 iilia
293 2698 394 2768 quoque
409 2682 534 2752 uxorique
545 2682 714 2772 preceperim,
732 2683 769 2738 sie
780 2683 868 2754 patris,
881 2682 918 2736 sio
934 2680 1019 2736 mariti

221 2757 368 2811 memoriam
382 2759 503 2823 venerari,
517 2763 548 2813 ut
559 2759 644 2813 omniu
655 2759 722 2813 iacta
734 2758 885 2831 dictaque
864 2776 919 2828 ejus
930 2775 1017 2812 secum

220 2833 363 2899 revolvant,
386 2834 542 2906 formamque
563 2853 592 2890 uc
612 2835 719 2906 figuram
740 2836 817 2891 animi
840 2835 920 2906 magis
942 2851 1018 2905 quum

219 2909 336 2980 eorporis
344 2911 564 2983 complectantur3
580 2930 632 2966 non
643 2912 703 2984 quia
714 2910 919 2968 intercedendum
931 2917 1019 2982 putem

219 2985 375 3056 imaginibus
398 3007 455 3059 qua
478 3007 602 3045 marmore
625 2994 671 3044 aut
694 3007 743 3046 ιιι
766 2991 905 3062 fingumtur,
924 2988 969 3044 sed
989 2997 1019 3044 ut
