2575 3592
204 468 261 507 w
277 466 319 515 w]
382 404 631 454 HISTORIARUM
651 407 694 456 IV.
711 408 813 455 46-49,
947 406 994 455 187

203 517 329 587 Abmgati
350 516 415 584 inde,
435 517 517 589 legem
534 518 631 574 ferente
652 519 808 583 Domitiano,
829 515 1018 577 Consulatum

199 620 265 671 quos
284 600 401 655 Vitellius
420 600 531 657 dederat.
566 600 705 670 llunusque
729 598 879 653 Censorium
898 596 988 651 Flavio

200 678 294 733 Sabino
307 678 425 733 duetume
444 696 535 750 magua
547 679 699 732 documenta
713 675 838 730 instabilis
855 675 987 738 Fortunae,

201 772 348 825 summaque
362 761 387 809 et
399 755 450 809 ima
461 754 599 809 miscentis.

237 832 291 886 Sub
319 830 386 885 idem
406 835 506 901 tempus
530 830 561 885 L.
580 831 640 885 Piso
663 828 803 885 Proconsul
829 827 989 883 interficitur.
999 830 1035 884 48

198 909 240 963 Ee
257 908 289 962 de
303 906 370 962 caede
388 926 463 978 qoam
480 907 609 962 verissime
622 906 761 975 expediam,
779 906 802 960 ei
816 924 897 976 pauca
914 922 991 975 supra

198 986 333 1055 repetiero,
358 985 389 1039 ab
413 985 485 1039 initio
508 988 640 1055 causisque
663 984 753 1038 talium
776 983 916 1037 facinorum
940 1000 991 1036 uon

199 1062 317 1117 absurda
353 1062 434 1133 Legio
451 1062 479 1116 in
496 1062 582 1116 Africa
599 1061 741 1131 auxiliaque
756 1060 870 1114 tutandis
887 1059 992 1130 Imperii

198 1140 301 1203 finibus,
321 1138 368 1194 sub
387 1140 419 1194 D.
439 1142 557 1209 Augusto
574 1139 725 1209 Tiberioque
743 1137 910 1207 Principibus,
929 1137 992 1191 Pro·

199 1216 300 1271 consuli
316 1216 444 1286 parebant.
480 1216 544 1271 Mox
562 1216 593 1271 C.
606 1216 700 1280 Caesar,
718 1212 836 1269 turbidus
854 1214 938 1279 animi,
962 1224 1014 1270 aaa

199 1294 240 1347 Μ.
255 1292 373 1359 Silanum,
398 1294 553 1348 obtinentem
577 1294 698 1357 Africam,
729 1296 852 1356 metuens,
883 1291 992 1345 ablutam

200 1368 351 1424 Proconsuli
374 1370 505 1441 legionem,
526 1370 603 1425 misso
623 1370 651 1423 in
674 1388 728 1423 earn
749 1386 803 1423 rem
823 1368 922 1439 legato
941 1375 993 1422 tra·

201 1444 276 1499 didit.
312 1446 436 1517 AEquatus
452 1447 519 1501 inter
538 1446 601 1501 duos
619 1446 797 1501 beneficiorum
817 1462 937 1498 uumerus
957 1449 991 1509 et,

200 1522 292 1576 mixtis
304 1523 435 1593 utriusque
451 1522 582 1588 mandatis,
596 1523 722 1580 discordia
736 1522 850 1592 quesita,
869 1525 993 1592 auctaque

201 1616 282 1670 pravo
299 1600 440 1655 certamine.
476 1600 632 1671 Legatorum
650 1602 689 1654 vis
702 1598 812 1653 adolevit
824 1597 1016 1652 diuturnitates

201 1676 284 1740 officii,
299 1676 338 1731 vel
354 1676 413 1746 quia
427 1676 565 1732 minoribus
583 1677 664 1747 major
683 1674 816 1731 aemuluudi
835 1692 914 1740 oura3
932 1675 993 1729 Pro

200 1752 335 1808 consulum
364 1753 578 1824 splendidissimus
608 1753 715 1825 quisque
743 1751 878 1805 securitati
904 1754 993 1824 magis,

202 1846 279 1900 qnam
299 1829 421 1900 potentia
444 1827 615 1883 consulebant.
653 1830 703 1885 Sed
729 1832 786 1884 tum
810 1830 933 1900 legionem
961 1831 1036 1889 in49

200 1906 289 1961 Africa
303 1905 409 1977 regebat
425 1904 541 1959 Valerius
558 1904 662 1971 Festus,
672 1909 826 1976 sumptuose
843 1905 987 1961 adolescen-

200 1982 252 2049 tie,
263 2000 346 2055 neque
362 1982 460 2038 modica
475 1982 586 2052 cupiens,
600 1989 626 2037 et
639 1982 759 2037 affinitate
770 1982 870 2038 Vitellii
887 1984 986 2038 anxius.

201 2061 231 2113 Is
254 2060 347 2116 crebris
370 2058 527 2116 sermonibus
554 2059 724 2114 tentaveritue
746 2059 864 2114 Pisonem
887 2059 919 2114 ad
946 2077 987 2114 res

201 2150 287 2199 novas,
311 2154 343 2190 an
362 2135 473 2191 tentanti
493 2135 624 2200 restiterit,
645 2135 772 2190 incertum
778 2158 786 2201 ;
810 2135 928 2207 quoniam
947 2154 987 2189 se-

200 2215 272 2267 creto
289 2230 375 2267 eorum
392 2229 465 2265 nemo
483 2212 563 2274 affuit,
575 2216 608 2275 et,
622 2212 704 2266 occiso
718 2212 817 2276 Pisone,
829 2210 941 2281 plerique
953 2211 985 2265 ad

201 2288 313 2360 gratiam
323 2288 492 2345 interfectoris
508 2288 669 2343 inclinavere.
705 2287 763 2341 Neo
780 2286 925 2357 ambigitur,
937 2292 1017 2356 pro-2

201 2365 311 2421 sinemur
329 2369 355 2420 et
372 2364 476 2421 militem
494 2366 602 2419 alienato
620 2382 682 2437 erga
703 2363 889 2434 Vespasianum
911 2363 994 2417 anirum

201 2442 299 2499 lunser
318 2444 345 2496 et
366 2442 499 2512 quideme
523 2440 675 2506 Vitellianis,
695 2440 759 2494 urbe
778 2439 888 2511 profugi,
909 2445 995 2495 osteu-

202 2518 293 2575 abant
316 2518 405 2573 Pisoni
427 2523 549 2573 nutantes
573 2518 674 2583 Gallias,
694 2520 808 2588 paratam
827 2518 993 2582 Germaniam,

203 2596 316 2665 pericula
332 2596 412 2667 ipsius
428 2600 455 2651 et
472 2596 499 2650 in
515 2613 576 2666 paee
590 2599 709 2665 suspecta
723 2594 805 2648 tutius
818 2594 917 2649 bellum.
952 2595 1018 2651 Ins

202 2676 245 2725 ter
267 2690 323 2742 qna
346 2672 468 2727 Claudius
498 2673 606 2743 Sagitta,
630 2671 771 2726 Praefectus
800 2670 846 2726 alae
875 2671 994 2734 Petrina,

203 2764 323 2819 prospera
340 2749 500 2821 navigatione
517 2748 639 2820 praevenit
653 2746 791 2819 Papirium,
806 2748 994 2808 centurionem,

203 2844 219 2879 a
239 2824 360 2881 Muciano
380 2827 492 2894 missum,
511 2825 713 2895 asseveravitqne
736 2824 855 2879 mandata
878 2822 995 2878 intentui·

203 2902 263 2958 endi
280 2902 379 2959 Pisonis
397 2902 546 2959 centurioni
570 2902 635 2957 data.
674 2900 802 2955 Cecidisse
826 2899 1018 2965 Galerianum

202 2979 383 3038 consobrinum
393 2982 449 3054 ejus
461 2997 639 3054 generumque.
675 2978 760 3033 Unam
771 2977 799 3031 iu
810 2976 914 3031 audacia
925 2993 996 3047 apem
