2575 3592
253 429 285 478 86
585 427 707 478 ΤΔΟΙΤΙ

883 487 919 537 ln
928 487 955 531 u.
964 489 988 527 c.
998 487 1046 528 aaa

253 539 363 595 militum
382 544 561 613 aggregantur,
583 558 663 612 prope
681 540 709 595 iu
731 537 846 610 prolium
869 556 994 604 exarsere,
1015 538 1047 594 ni

254 618 349 672 Valens
367 618 581 673 animadversione
597 635 737 689 paucorum
753 616 846 672 oblitos
861 614 915 686 jam
932 617 1047 672 Bataroe

231 696 353 766 timporii
365 696 544 751 admonuisset.
578 696 686 750 Frustra
697 695 817 750 adversus
829 693 928 750 AEduos
937 693 1047 764 quaesita

254 773 313 828 belli
320 791 408 828 causa:
417 774 486 845 jussi
497 774 629 845 pecuniam
640 778 718 845 atque
725 791 795 828 mma
803 771 909 835 deterre,
917 771 1046 843 gratuitos

230 849 357 921 tinsuper
372 855 527 906 commeatus
538 850 675 922 prebuere.
711 849 789 910 Quod
806 848 885 904 AEdui
901 847 1045 916 tormidine,

254 927 440 998 Lugdunenses
451 929 646 1001 gaudiofeoere.
682 928 733 983 Sed
753 927 820 996 legio
843 926 934 982 Italica
956 930 983 982 et
1004 926 1047 982 us

253 1005 364 1059 Taurino
374 1005 506 1061 abductae:
527 1006 658 1062 cobortenr
676 1004 901 1060 duodevioesimam
912 1002 1044 1074 Lugduni,
1151 1037 1152 1044 κ

230 1082 335 1139 7solitis
353 1082 401 1137 sibi
418 1082 537 1150 bibemis‚
552 1083 661 1154 relinqui
678 1082 780 1154 placuit.
816 1081 931 1138 Manlius
946 1080 1045 1136 Valens

253 1159 354 1232 legatus
377 1160 475 1217 Italicae
497 1160 611 1233 legionis,
631 1179 775 1232 quenquam
795 1158 859 1214 bene
878 1158 910 1214 de
927 1158 1044 1230 pertibus

229 1238 367 1305 8men'tus,
375 1238 445 1293 nullo
457 1238 524 1310 apud
533 1238 665 1294 Vitellium
674 1239 770 1292 honore
777 1236 834 1292 luit.
865 1236 1045 1294 Seoretiseum

253 1314 470 1372 criminationibus
492 1316 658 1371 insudaverat
681 1315 776 1370 Fabius
795 1314 913 1386 ignauum
936 1317 970 1381 et,
991 1331 1043 1385 quo

253 1391 378 1447 incautior
389 1393 554 1464 deciperetur,
567 1393 649 1464 palam
660 1392 798 1447 laudatum.

207 1475 243 1531 65
288 1470 409 1525 Veterem
421 1472 488 1543 inter
499 1471 686 1543 Lugdunenses
697 1476 723 1525 et
737 1472 880 1525 Wmmes
891 1468 1043 1526 discordiam

253 1547 395 1618 proximum
407 1548 501 1603 bellum
516 1547 672 1603 accenderat.
708 1547 800 1604 Multa
811 1547 838 1601 in
851 1547 932 1603 ricem
948 1546 1041 1612 clades,

254 1623 367 1680 crebrius
378 1625 546 1694 infestiusque
558 1644 633 1696 quam
645 1628 676 1679 ut
687 1628 788 1678 tentum
799 1631 903 1695 propter
911 1623 1043 1680 Neronem

229 1701 409 1772 2Galbamque
425 1706 590 1772 pugnaretur.
625 1702 662 1756 Et
680 1701 760 1756 Galba
774 1699 872 1756 reditus
887 1699 1043 1772 Lugdunen·
1151 1689 1152 1743 l

253 1778 321 1844 sium
337 1778 467 1836 occasione
482 1778 527 1833 irae
542 1779 570 1832 in
586 1779 675 1832 fiscum
693 1781 804 1832 verterat
813 1800 821 1844 ;
839 1777 935 1832 multus
953 1782 1042 1834 contre

229 1853 280 1909 tiu
292 1854 448 1909 Viennenses
460 1854 548 1908 honor.
584 1853 662 1909 Unde
670 1854 797 1908 aemulatio
808 1858 835 1909 et
846 1853 940 1909 invidia
951 1857 978 1910 et
989 1872 1042 1910 nuo

252 1949 327 1986 amne
338 1930 453 1986 discretis
467 1949 609 1986 connexum
625 1931 719 1986 odium.
755 1931 841 2002 Igitur
855 1929 1041 2003 Lugdunenses

252 2009 415 2064 exstimulans
427 2009 541 2080 singulos
552 2008 663 2062 militum
675 2013 701 2062 et
713 2008 740 2062 iu
749 2008 904 2064 eversionem
913 2009 1042 2064 Viennen-

253 2087 320 2141 sium
331 2085 465 2158 impellere,
476 2085 606 2141 obsessam
617 2087 650 2141 ab
661 2085 711 2140 illis
720 2086 841 2140 coloniam
851 2104 930 2151 susm,
940 2085 1041 2157 udjutos

253 2163 368 2219 Vindicis
386 2168 500 2228 conatus,
517 2164 674 2235 conscriptas
691 2182 773 2234 nuper
787 2162 899 2234 legiones
914 2163 942 2218 in
957 2164 1042 2235 praesi-

226 2240 323 2296 tdium
347 2241 434 2297 Galba
450 2240 590 2296 referendo.
625 2241 663 2296 Et
680 2240 725 2296 ubi
741 2257 830 2295 causas
847 2240 962 2296 odiorum
980 2259 1041 2312 pras-

252 2318 396 2384 teuderaut‚
420 2320 622 2391 magnitudinem
644 2317 738 2388 prede
761 2316 936 2373 ostendebant.
985 2317 1042 2374 Nec

251 2396 305 2469 jam
322 2400 420 2451 secreta
437 2397 586 2462 exhortatio,
605 2395 651 2451 sed
668 2394 774 2466 publica
792 2412 896 2465 preces:
915 2395 981 2450 irent
1004 2395 1042 2450 ul-

229 2478 330 2538 stores,
348 2472 524 2528 exscinderent
547 2473 633 2528 sedem
652 2472 742 2527 Gallici
764 2471 831 2526 belli.
868 2470 968 2527 Cuncta
990 2471 1042 2526 illie
1150 2501 1151 2548 3

252 2556 358 2606 externa
375 2549 403 2605 et
418 2549 535 2604 hostilia:
554 2569 582 2604 se
599 2549 723 2605 coloniam
741 2549 882 2604 Romnum
899 2553 926 2603 et
943 2553 1041 2620 partem
1150 2573 1151 2588 1

252 2627 379 2682 exercitus
391 2630 418 2682 et
430 2644 606 2698 prosperarum
618 2625 830 2696 adversarumque
848 2643 933 2682 rerum
950 2625 1040 2682 socios
1150 2637 1151 2664 l

203 2700 240 2758 66
253 2705 282 2758 Si
290 2704 394 2758 fortuna
405 2711 494 2758 contra
510 2702 590 2767 daret,
607 2703 679 2757 iratis
695 2721 728 2757 ne
743 2701 953 2773 relinquerentur.
989 2702 1041 2758 His

253 2792 280 2835 et
291 2779 407 2850 pluribus
418 2780 445 2834 in
456 2778 565 2833 eundem
576 2778 679 2834 modum
694 2777 864 2849 perpulerant.
877 2783 907 2834 ut
919 2797 952 2834 ue
963 2778 1042 2849 legati

252 2856 354 2927 quidem
372 2874 401 2910 ao
418 2854 496 2910 duces
514 2855 625 2925 partium
642 2854 767 2925 restingui
789 2872 864 2924 posse
886 2855 1042 2910 iracundiam

251 2933 380 2988 exercitus
391 2931 582 2995 arbitrarentur,
594 2948 654 2984 oum
665 2929 733 2986 haud
744 2930 826 3001 ignari
838 2930 988 2986 discriminis
1000 2931 1042 2988 sui

253 3009 418 3075 Vienumses,
425 3007 567 3064 udamema
575 3009 602 3063 et
608 3005 702 3065 infulas
710 3006 880 3076 proterentes.
893 3006 938 3064 ubi
949 3025 1040 3079 sgmw
