2575 3592
404 396 453 444 DE
470 393 699 443 onnnomssus
718 391 786 438 1-5.
946 389 994 442 287

195 507 290 579 quenti
305 505 453 562 recitatione
470 507 593 578 Tityestes
609 507 686 561 dicet.
721 503 798 558 Hanc
815 501 882 556 euim
899 501 993 577 tragoe-

195 585 266 639 diam
274 584 387 654 disposui
392 584 445 655 jem
456 591 483 638 et
494 584 562 637 intra
573 602 613 638 me
621 584 676 654 ipse
686 581 800 636 formovi.
835 581 922 649 Atque
933 577 992 632 ideo

193 668 325 716 rnntnmre
337 660 395 715 libri
406 660 483 731 hujus
491 659 627 714 editionem
636 659 738 722 festino,
749 662 786 725 ut,
796 656 900 712 dimisso
908 655 991 726 priore

192 757 265 802 curo,
277 755 351 791 novae
362 737 510 808 cogitationi
521 741 578 791 toto
591 744 693 808 pectore
706 733 875 790 incumbam.'’

231 814 329 867 “Adeo
346 818 374 867 te
391 813 520 883 trogmdin
535 813 591 868 istae
610 831 662 867 non
680 810 797 878 satiant,”
814 809 897 881 inquit
912 811 1016 880 Apono

193 895 268 962 “quo
276 890 368 956 minus,
377 890 475 944 omissis
483 890 625 944 orationum
633 894 660 944 et
669 907 799 944 causarum
810 887 908 952 studiis,
917 905 991 944 omne

192 973 298 1038 tempus
309 966 383 1020 modo
395 967 462 1020 circa
474 965 600 1031 Medeam,
616 985 676 1022 ecce
692 985 759 1020 nunc
772 966 839 1020 ciros
855 965 989 1036 Thyestem

192 1061 337 1107 consumes,
351 1062 408 1098 cum
424 1048 451 1097 te
466 1047 506 1097 tot
523 1044 660 1098 amicornm
677 1061 767 1110 causae,
779 1047 820 1097 tot
836 1041 990 1097 coloniarum

192 1127 221 1176 et
235 1120 430 1191 municipiorum
446 1120 569 1174 clientelae
585 1120 707 1174 inferum
723 1124 822 1184 vocent,
836 1119 928 1189 quibus
944 1120 989 1174 vix

192 1197 332 1264 suffeceris,
350 1197 449 1250 etiamsi
469 1214 631 1251 nonnosum
653 1197 700 1252 tibi
718 1197 772 1268 ipse
792 1196 925 1266 negotium
942 1197 988 1252 im-

192 1275 332 1346 pertissea
344 1274 485 1328 Domitium
494 1278 521 1328 et
532 1273 663 1339 Catonem,
676 1273 761 1337 idest,
775 1279 875 1328 nostrus
888 1291 988 1346 quoque

192 1352 314 1406 histmim
337 1356 365 1405 et
387 1351 503 1404 Romane
525 1350 633 1416 nomina,
659 1351 804 1406 Graecorum
827 1347 919 1404 fahmn
943 1370 987 1422 eg-

192 1446 427 1568 greiigtffldiaternus,
441 1503 631 1559 “Perturbarer
648 1503 695 1557 hac
714 1505 761 1558 tuo
778 1503 920 1570 severitate,
938 1504 1015 1565 nisit

192 1583 316 1651 frequens
331 1585 359 1635 et
375 1580 477 1635 assiduo
491 1581 563 1636 nobis
579 1580 709 1636 contentio
721 1583 776 1650 jam
791 1598 869 1651 prope
885 1582 913 1636 in
928 1599 987 1636 con-

193 1659 357 1713 suetudinem
372 1657 498 1712 vertisset.
534 1658 603 1712 Nam
619 1675 666 1712 neo
684 1662 714 1712 tu
732 1657 828 1728 ogitere
844 1663 870 1712 et
888 1657 987 1729 insequi

192 1740 284 1807 poetes
300 1734 457 1798 intermittis,
474 1739 502 1790 et
519 1753 574 1806 ego,
593 1735 635 1789 cui
654 1734 775 1788 desidiam
795 1733 985 1791 advocationum

192 1811 292 1882 objicis,
311 1811 485 1882 quotidianum
504 1813 553 1867 hoo
573 1812 739 1883 patrocinium
761 1811 924 1868 defendendae
945 1812 1007 1868 ad·

192 1907 285 1944 versus
301 1894 329 1943 te
345 1890 450 1960 po'e'ticm
465 1907 577 1944 exerceo.
614 1889 674 1948 Quo
690 1890 762 1945 letor
777 1890 857 1961 magis
874 1889 1011 1951 oblatumt

192 1966 268 2020 nobis
280 1965 400 2036 judicem,
413 1967 458 2038 qni
472 1985 514 2021 me
530 1967 571 2021 vel
585 1966 613 2020 in
629 1968 746 2022 futurum
761 1972 831 2022 vetet
847 1987 935 2023 versus
951 1971 987 2022 fa-

193 2061 260 2107 eere,
272 2042 320 2107 rel,
333 2043 401 2114 quod
411 2045 463 2114 jem
475 2043 571 2114 pridem
583 2049 653 2115 opto,
664 2063 711 2098 sne
722 2063 822 2115 quoque
834 2045 986 2101 auctoritate

193 2119 334 2190 compellet,
347 2125 378 2174 ut
394 2121 492 2174 omissis
508 2121 645 2175 forensium
662 2139 795 2176 causarum
812 2121 946 2192 angustiis,
959 2123 986 2177 in

193 2195 286 2267 quibus
311 2197 372 2252 nitri
392 2198 456 2252 satis
476 2215 602 2269 superque
625 2197 744 2252 sudatum
765 2201 813 2263 est,
835 2199 986 2254 sanctiorem

191 2273 262 2328 iilam
274 2279 301 2328 ct
313 2275 488 2345 euguntiorem
499 2275 669 2346 eloquentium
681 2275 786 2330 colam.'’

228 2351 308 2421 “ligo
325 2353 409 2419 vcro,''
428 2351 511 2422 inquit
529 2351 668 2418 Secundus,
681 2355 838 2423 “antequam
859 2371 900 2408 me
917 2352 1010 2423 judi-5

192 2445 248 2482 com
261 2430 331 2499 Aper
342 2433 451 2494 recuset,
463 2429 552 2484 taciem
565 2429 634 2500 quod
645 2430 718 2501 probi
730 2436 756 2486 et
768 2431 876 2486 modesti
885 2430 985 2502 judices

192 2504 284 2571 solent,
295 2513 327 2559 ut
337 2505 365 2560 in
375 2507 407 2560 iis
418 2506 605 2578 cognitionibus
617 2513 748 2574 excusent,
762 2509 787 2562 in
803 2508 895 2580 quibus
906 2510 986 2564 mani·

191 2579 287 2636 foetuum
304 2587 343 2637 est
361 2583 465 2638 alteram
482 2584 550 2656 apud
567 2601 611 2639 eos
627 2590 725 2655 partem
744 2587 827 2657 gratia
841 2586 984 2658 praevalere.

192 2657 260 2716 Quis
271 2659 339 2712 sirim
353 2661 442 2726 nescit,
456 2662 580 2717 neminem
596 2663 658 2717 milri
675 2665 874 2734 conjunctiorem
890 2681 945 2718 esse
958 2668 984 2718 et

190 2754 241 2789 usu
257 2737 374 2792 amicitior
390 2743 418 2793 et
435 2739 585 2794 assiduitate
602 2740 762 2796 contubernii
780 2761 855 2813 quom
873 2741 984 2796 sucrum

190 2813 309 2878 Bessum,
322 2831 380 2868 cum
391 2815 514 2884 optimum
526 2815 616 2882 virum,
626 2821 683 2872 tum
700 2817 912 2873 absolutissimum
925 2823 985 2888 poe·
999 2835 1000 2840 ¹

189 2890 264 2944 tom?
282 2890 363 2944 Porro
375 2892 397 2946 si
408 2894 508 2964 poetico
519 2900 660 2960 accusatur,
673 2913 724 2950 uon
739 2895 816 2950 ulium
828 2893 900 2951 video
912 2912 983 2950 reum

190 2965 407 3037 locupletiorem?
457 2993 461 2998 ·
