<?xml version="1.0" encoding="UTF-8"?>
<!DOCTYPE html PUBLIC "-//W3C//DTD XHTML 1.0 Transitional//EN"
    "http://www.w3.org/TR/xhtml1/DTD/xhtml1-transitional.dtd">
<html xmlns="http://www.w3.org/1999/xhtml" xml:lang="en" lang="en">
 <head>
  <title>
</title>
<meta http-equiv="Content-Type" content="text/html;charset=utf-8" />
  <meta name='ocr-system' content='tesseract 3.04.00' />
  <meta name='ocr-capabilities' content='ocr_page ocr_carea ocr_par ocr_line ocrx_word'/>
</head>
<body>
  <div class='ocr_page' id='page_1' title='image "./operaomniaadfid00tacigoog_0073.png"; bbox 0 0 2575 3592; ppageno 0'>
   <div class='ocr_carea' id='block_1_1' title="bbox 181 427 976 544">
    <p class='ocr_par' dir='ltr' id='par_1_1' title="bbox 181 427 976 544">
     <span class='ocr_line' id='line_1_1' title="bbox 181 427 976 544; baseline -0.005 -64"><span class='ocrx_word' id='word_1_1' title='bbox 181 499 202 534; x_wconf 53' lang='lat' dir='ltr'>A</span> <span class='ocrx_word' id='word_1_2' title='bbox 222 495 241 533; x_wconf 70' lang='lat' dir='ltr'>n</span> <span class='ocrx_word' id='word_1_3' title='bbox 260 495 303 544; x_wconf 58' lang='grc' dir='ltr'>ω]</span> <span class='ocrx_word' id='word_1_4' title='bbox 367 428 794 479; x_wconf 77' lang='lat' dir='ltr'>H18TOR1ARUM11.25-aa.</span> <span class='ocrx_word' id='word_1_5' title='bbox 944 427 976 476; x_wconf 83' lang='grc'>67</span> 
     </span>
    </p>
   </div>
   <div class='ocr_carea' id='block_1_2' title="bbox 181 536 977 614">
    <p class='ocr_par' dir='ltr' id='par_1_2' title="bbox 181 536 977 614">
     <span class='ocr_line' id='line_1_2' title="bbox 181 536 977 614; baseline -0.009 -16"><span class='ocrx_word' id='word_1_6' title='bbox 181 545 319 608; x_wconf 81' lang='lat' dir='ltr'>Caecinam,</span> <span class='ocrx_word' id='word_1_7' title='bbox 345 542 389 614; x_wconf 90' lang='lat' dir='ltr'>qui</span> <span class='ocrx_word' id='word_1_8' title='bbox 409 542 508 613; x_wconf 88' lang='lat' dir='ltr'>culpam</span> <span class='ocrx_word' id='word_1_9' title='bbox 526 543 553 596; x_wconf 93' lang='lat' dir='ltr'>in</span> <span class='ocrx_word' id='word_1_10' title='bbox 570 541 677 596; x_wconf 88' lang='lat' dir='ltr'>militem</span> <span class='ocrx_word' id='word_1_11' title='bbox 695 536 840 595; x_wconf 87' lang='lat' dir='ltr'>conferebat</span> <span class='ocrx_word' id='word_1_12' title='bbox 858 537 977 592; x_wconf 80' lang='lat' dir='ltr'>seditioni</span> 
     </span>
    </p>
   </div>
   <div class='ocr_carea' id='block_1_3' title="bbox 179 614 1022 2544">
    <p class='ocr_par' dir='ltr' id='par_1_3' title="bbox 179 614 1022 2544">
     <span class='ocr_line' id='line_1_3' title="bbox 180 614 976 693; baseline -0.01 -17"><span class='ocrx_word' id='word_1_13' title='bbox 180 620 266 693; x_wconf 84' lang='lat' dir='ltr'>magis</span> <span class='ocrx_word' id='word_1_14' title='bbox 291 639 365 691; x_wconf 89' lang='lat' dir='ltr'>qnam</span> <span class='ocrx_word' id='word_1_15' title='bbox 390 619 476 691; x_wconf 81' lang='lat' dir='ltr'>praelio</span> <span class='ocrx_word' id='word_1_16' title='bbox 499 624 633 691; x_wconf 83' lang='lat' dir='ltr'>paratum:</span> <span class='ocrx_word' id='word_1_17' title='bbox 652 616 724 672; x_wconf 81' lang='lat' dir='ltr'>Fabii</span> <span class='ocrx_word' id='word_1_18' title='bbox 742 633 842 687; x_wconf 90' lang='lat' dir='ltr'>quoque</span> <span class='ocrx_word' id='word_1_19' title='bbox 860 614 976 669; x_wconf 85' lang='lat' dir='ltr'>Valentis</span> 
     </span>
     <span class='ocr_line' id='line_1_4' title="bbox 179 692 977 770; baseline -0.011 -16"><span class='ocrx_word' id='word_1_20' title='bbox 179 699 263 770; x_wconf 79' lang='lat' dir='ltr'>copim</span> <span class='ocrx_word' id='word_1_21' title='bbox 288 699 350 768; x_wconf 86' lang='lat' dir='ltr'>(jam</span> <span class='ocrx_word' id='word_1_22' title='bbox 379 699 446 751; x_wconf 90' lang='lat' dir='ltr'>enirn</span> <span class='ocrx_word' id='word_1_23' title='bbox 466 696 582 750; x_wconf 84' lang='lat' dir='ltr'>Ticinum</span> <span class='ocrx_word' id='word_1_24' title='bbox 605 695 730 762; x_wconf 71' lang='lat' dir='ltr'>venerat)</span> <span class='ocrx_word' id='word_1_25' title='bbox 757 693 841 764; x_wconf 87' lang='lat' dir='ltr'>posito</span> <span class='ocrx_word' id='word_1_26' title='bbox 865 692 977 746; x_wconf 87' lang='lat' dir='ltr'>bostium</span> 
     </span>
     <span class='ocr_line' id='line_1_5' title="bbox 181 769 976 845; baseline -0.008 -16"><span class='ocrx_word' id='word_1_27' title='bbox 181 779 336 845; x_wconf 88' lang='lat' dir='ltr'>contemptu</span> <span class='ocrx_word' id='word_1_28' title='bbox 351 777 378 828; x_wconf 90' lang='lat' dir='ltr'>et</span> <span class='ocrx_word' id='word_1_29' title='bbox 392 773 558 844; x_wconf 88' lang='lat' dir='ltr'>recuperandi</span> <span class='ocrx_word' id='word_1_30' title='bbox 575 772 671 827; x_wconf 86' lang='lat' dir='ltr'>decoris</span> <span class='ocrx_word' id='word_1_31' title='bbox 688 769 804 842; x_wconf 88' lang='lat' dir='ltr'>cupidine</span> <span class='ocrx_word' id='word_1_32' title='bbox 820 772 976 824; x_wconf 86' lang='lat' dir='ltr'>reverentius</span> 
     </span>
     <span class='ocr_line' id='line_1_6' title="bbox 180 847 998 923; baseline -0.005 -16"><span class='ocrx_word' id='word_1_33' title='bbox 180 857 211 908; x_wconf 88' lang='lat' dir='ltr'>et</span> <span class='ocrx_word' id='word_1_34' title='bbox 235 852 357 923; x_wconf 72' lang='lat' dir='ltr'>aequalius</span> <span class='ocrx_word' id='word_1_35' title='bbox 381 850 440 905; x_wconf 86' lang='lat' dir='ltr'>duci</span> <span class='ocrx_word' id='word_1_36' title='bbox 463 850 592 921; x_wconf 76' lang='lat' dir='ltr'>parebant,</span> <span class='ocrx_word' id='word_1_37' title='bbox 632 848 728 912; x_wconf 23' lang='lat' dir='ltr'>,Gravis</span> <span class='ocrx_word' id='word_1_38' title='bbox 752 847 862 918; x_wconf 87' lang='lat' dir='ltr'>alioquin</span> <span class='ocrx_word' id='word_1_39' title='bbox 885 847 998 903; x_wconf 81' lang='lat' dir='ltr'>seditio2</span> 
     </span>
     <span class='ocr_line' id='line_1_7' title="bbox 182 924 977 998; baseline -0.008 -15"><span class='ocrx_word' id='word_1_40' title='bbox 182 933 322 994; x_wconf 79' lang='lat' dir='ltr'>exarserat,</span> <span class='ocrx_word' id='word_1_41' title='bbox 348 946 423 998; x_wconf 90' lang='lat' dir='ltr'>quam</span> <span class='ocrx_word' id='word_1_42' title='bbox 447 927 535 982; x_wconf 81' lang='lat' dir='ltr'>altiore</span> <span class='ocrx_word' id='word_1_43' title='bbox 552 927 626 982; x_wconf 93' lang='lat' dir='ltr'>initio</span> <span class='ocrx_word' id='word_1_44' title='bbox 647 927 740 996; x_wconf 86' lang='lat' dir='ltr'>(neque</span> <span class='ocrx_word' id='word_1_45' title='bbox 764 924 830 980; x_wconf 89' lang='lat' dir='ltr'>enim</span> <span class='ocrx_word' id='word_1_46' title='bbox 853 943 938 978; x_wconf 90' lang='lat' dir='ltr'>rerum</span> <span class='ocrx_word' id='word_1_47' title='bbox 962 942 977 978; x_wconf 89' lang='lat' dir='ltr'>a</span> 
     </span>
     <span class='ocr_line' id='line_1_8' title="bbox 182 1002 977 1078; baseline -0.009 -17"><span class='ocrx_word' id='word_1_48' title='bbox 182 1006 286 1061; x_wconf 82' lang='lat' dir='ltr'>Gaecina</span> <span class='ocrx_word' id='word_1_49' title='bbox 297 1009 427 1078; x_wconf 87' lang='lat' dir='ltr'>gestarum</span> <span class='ocrx_word' id='word_1_50' title='bbox 440 1004 553 1058; x_wconf 82' lang='lat' dir='ltr'>ordinem</span> <span class='ocrx_word' id='word_1_51' title='bbox 565 1003 717 1074; x_wconf 78' lang='lat' dir='ltr'>interrumpi</span> <span class='ocrx_word' id='word_1_52' title='bbox 725 1002 893 1073; x_wconf 69' lang='lat' dir='ltr'>oportuerat)</span> <span class='ocrx_word' id='word_1_53' title='bbox 906 1019 977 1071; x_wconf 90' lang='lat' dir='ltr'>repe·</span> 
     </span>
     <span class='ocr_line' id='line_1_9' title="bbox 180 1081 998 1153; baseline -0.004 -16"><span class='ocrx_word' id='word_1_54' title='bbox 180 1088 246 1138; x_wconf 84' lang='lat' dir='ltr'>tam.</span> <span class='ocrx_word' id='word_1_55' title='bbox 274 1083 399 1137; x_wconf 84' lang='lat' dir='ltr'>Cohortes</span> <span class='ocrx_word' id='word_1_56' title='bbox 412 1082 575 1146; x_wconf 82' lang='lat' dir='ltr'>Batavorum,</span> <span class='ocrx_word' id='word_1_57' title='bbox 586 1099 658 1153; x_wconf 91' lang='lat' dir='ltr'>quas,</span> <span class='ocrx_word' id='word_1_58' title='bbox 666 1081 731 1135; x_wconf 89' lang='lat' dir='ltr'>bello</span> <span class='ocrx_word' id='word_1_59' title='bbox 741 1081 850 1135; x_wconf 90' lang='lat' dir='ltr'>Neronis</span> <span class='ocrx_word' id='word_1_60' title='bbox 863 1084 998 1150; x_wconf 74' lang='lat' dir='ltr'>aquartat</span> 
     </span>
     <span class='ocr_line' id='line_1_10' title="bbox 183 1158 976 1231; baseline -0.008 -15"><span class='ocrx_word' id='word_1_61' title='bbox 183 1161 285 1216; x_wconf 85' lang='lat' dir='ltr'>decima</span> <span class='ocrx_word' id='word_1_62' title='bbox 306 1160 406 1231; x_wconf 78' lang='lat' dir='ltr'>legione</span> <span class='ocrx_word' id='word_1_63' title='bbox 430 1158 564 1230; x_wconf 85' lang='lat' dir='ltr'>digressas,</span> <span class='ocrx_word' id='word_1_64' title='bbox 587 1177 646 1213; x_wconf 88' lang='lat' dir='ltr'>cum</span> <span class='ocrx_word' id='word_1_65' title='bbox 669 1158 826 1212; x_wconf 84' lang='lat' dir='ltr'>Britanniam</span> <span class='ocrx_word' id='word_1_66' title='bbox 853 1161 976 1228; x_wconf 88' lang='lat' dir='ltr'>peterent,</span> 
     </span>
     <span class='ocr_line' id='line_1_11' title="bbox 184 1234 977 1307; baseline -0.006 -14"><span class='ocrx_word' id='word_1_67' title='bbox 184 1238 275 1294; x_wconf 85' lang='lat' dir='ltr'>audito</span> <span class='ocrx_word' id='word_1_68' title='bbox 282 1237 382 1292; x_wconf 87' lang='lat' dir='ltr'>Vitellii</span> <span class='ocrx_word' id='word_1_69' title='bbox 392 1241 465 1290; x_wconf 91' lang='lat' dir='ltr'>motu</span> <span class='ocrx_word' id='word_1_70' title='bbox 476 1237 503 1291; x_wconf 91' lang='lat' dir='ltr'>in</span> <span class='ocrx_word' id='word_1_71' title='bbox 515 1236 618 1291; x_wconf 84' lang='lat' dir='ltr'>civitate</span> <span class='ocrx_word' id='word_1_72' title='bbox 626 1236 772 1307; x_wconf 87' lang='lat' dir='ltr'>Lingonum</span> <span class='ocrx_word' id='word_1_73' title='bbox 785 1235 863 1289; x_wconf 83' lang='lat' dir='ltr'>Fabio</span> <span class='ocrx_word' id='word_1_74' title='bbox 874 1234 977 1288; x_wconf 88' lang='lat' dir='ltr'>Valenti</span> 
     </span>
     <span class='ocr_line' id='line_1_12' title="bbox 186 1312 977 1386; baseline -0.003 -18"><span class='ocrx_word' id='word_1_75' title='bbox 186 1315 322 1385; x_wconf 85' lang='lat' dir='ltr'>adjunctas</span> <span class='ocrx_word' id='word_1_76' title='bbox 350 1313 501 1386; x_wconf 72' lang='lat' dir='ltr'>retulimus„</span> <span class='ocrx_word' id='word_1_77' title='bbox 521 1313 629 1383; x_wconf 90' lang='lat' dir='ltr'>superbe</span> <span class='ocrx_word' id='word_1_78' title='bbox 658 1312 774 1384; x_wconf 86' lang='lat' dir='ltr'>agebant,</span> <span class='ocrx_word' id='word_1_79' title='bbox 799 1318 830 1366; x_wconf 91' lang='lat' dir='ltr'>ut</span> <span class='ocrx_word' id='word_1_80' title='bbox 854 1313 977 1383; x_wconf 86' lang='lat' dir='ltr'>cujusque</span> 
     </span>
     <span class='ocr_line' id='line_1_13' title="bbox 185 1389 977 1463; baseline -0.006 -16"><span class='ocrx_word' id='word_1_81' title='bbox 185 1393 297 1463; x_wconf 81' lang='lat' dir='ltr'>legionis</span> <span class='ocrx_word' id='word_1_82' title='bbox 319 1391 431 1445; x_wconf 88' lang='lat' dir='ltr'>tentoria</span> <span class='ocrx_word' id='word_1_83' title='bbox 447 1391 620 1454; x_wconf 85' lang='lat' dir='ltr'>accessissent,</span> <span class='ocrx_word' id='word_1_84' title='bbox 645 1389 768 1445; x_wconf 74' lang='lat' dir='ltr'>coercitos</span> <span class='ocrx_word' id='word_1_85' title='bbox 786 1407 802 1444; x_wconf 94' lang='lat' dir='ltr'>a</span> <span class='ocrx_word' id='word_1_86' title='bbox 825 1407 852 1443; x_wconf 90' lang='lat' dir='ltr'>se</span> <span class='ocrx_word' id='word_1_87' title='bbox 876 1394 977 1460; x_wconf 87' lang='lat' dir='ltr'>quarta-</span> 
     </span>
     <span class='ocr_line' id='line_1_14' title="bbox 187 1465 978 1540; baseline -0.001 -18"><span class='ocrx_word' id='word_1_88' title='bbox 187 1469 340 1532; x_wconf 84' lang='lat' dir='ltr'>decimanos,</span> <span class='ocrx_word' id='word_1_89' title='bbox 353 1467 462 1522; x_wconf 87' lang='lat' dir='ltr'>ablatam</span> <span class='ocrx_word' id='word_1_90' title='bbox 479 1466 577 1521; x_wconf 85' lang='lat' dir='ltr'>Neroni</span> <span class='ocrx_word' id='word_1_91' title='bbox 594 1466 703 1532; x_wconf 89' lang='lat' dir='ltr'>ltaliam,</span> <span class='ocrx_word' id='word_1_92' title='bbox 718 1470 793 1537; x_wconf 86' lang='lat' dir='ltr'>atque</span> <span class='ocrx_word' id='word_1_93' title='bbox 808 1483 907 1540; x_wconf 85' lang='lat' dir='ltr'>omnem</span> <span class='ocrx_word' id='word_1_94' title='bbox 919 1465 978 1520; x_wconf 91' lang='lat' dir='ltr'>belli</span> 
     </span>
     <span class='ocr_line' id='line_1_15' title="bbox 184 1544 1008 1616; baseline -0.004 -15"><span class='ocrx_word' id='word_1_95' title='bbox 184 1547 317 1602; x_wconf 85' lang='lat' dir='ltr'>fortunam</span> <span class='ocrx_word' id='word_1_96' title='bbox 328 1547 356 1599; x_wconf 91' lang='lat' dir='ltr'>in</span> <span class='ocrx_word' id='word_1_97' title='bbox 366 1546 479 1616; x_wconf 90' lang='lat' dir='ltr'>ipsorum</span> <span class='ocrx_word' id='word_1_98' title='bbox 495 1563 571 1599; x_wconf 89' lang='lat' dir='ltr'>mann</span> <span class='ocrx_word' id='word_1_99' title='bbox 588 1545 662 1599; x_wconf 90' lang='lat' dir='ltr'>sitam</span> <span class='ocrx_word' id='word_1_100' title='bbox 671 1545 804 1616; x_wconf 84' lang='lat' dir='ltr'>jactantes.</span> <span class='ocrx_word' id='word_1_101' title='bbox 840 1544 1008 1599; x_wconf 74' lang='lat' dir='ltr'>Gonnus-a</span> 
     </span>
     <span class='ocr_line' id='line_1_16' title="bbox 185 1621 978 1693; baseline -0.005 -15"><span class='ocrx_word' id='word_1_102' title='bbox 185 1624 281 1680; x_wconf 89' lang='lat' dir='ltr'>liosum</span> <span class='ocrx_word' id='word_1_103' title='bbox 292 1621 319 1676; x_wconf 93' lang='lat' dir='ltr'>id</span> <span class='ocrx_word' id='word_1_104' title='bbox 334 1623 464 1686; x_wconf 85' lang='lat' dir='ltr'>militibus,</span> <span class='ocrx_word' id='word_1_105' title='bbox 478 1622 596 1676; x_wconf 87' lang='lat' dir='ltr'>acerbum</span> <span class='ocrx_word' id='word_1_106' title='bbox 608 1621 683 1688; x_wconf 90' lang='lat' dir='ltr'>duoi;</span> <span class='ocrx_word' id='word_1_107' title='bbox 702 1627 821 1692; x_wconf 90' lang='lat' dir='ltr'>corrupta</span> <span class='ocrx_word' id='word_1_108' title='bbox 829 1621 921 1693; x_wconf 87' lang='lat' dir='ltr'>jurgiis</span> <span class='ocrx_word' id='word_1_109' title='bbox 933 1625 978 1674; x_wconf 89' lang='lat' dir='ltr'>aut</span> 
     </span>
     <span class='ocr_line' id='line_1_17' title="bbox 188 1697 979 1770; baseline -0.006 -14"><span class='ocrx_word' id='word_1_110' title='bbox 188 1701 253 1756; x_wconf 83' lang='lat' dir='ltr'>rixis</span> <span class='ocrx_word' id='word_1_111' title='bbox 277 1699 424 1770; x_wconf 89' lang='lat' dir='ltr'>disciplina;</span> <span class='ocrx_word' id='word_1_112' title='bbox 443 1698 477 1752; x_wconf 92' lang='lat' dir='ltr'>ad</span> <span class='ocrx_word' id='word_1_113' title='bbox 498 1703 655 1770; x_wconf 87' lang='lat' dir='ltr'>postremum</span> <span class='ocrx_word' id='word_1_114' title='bbox 679 1698 774 1753; x_wconf 85' lang='lat' dir='ltr'>Valens</span> <span class='ocrx_word' id='word_1_115' title='bbox 800 1717 814 1754; x_wconf 91' lang='lat' dir='ltr'>e</span> <span class='ocrx_word' id='word_1_116' title='bbox 838 1697 979 1770; x_wconf 85' lang='lat' dir='ltr'>petulantia</span> 
     </span>
     <span class='ocr_line' id='line_1_18' title="bbox 189 1775 1022 1848; baseline -0.004 -16"><span class='ocrx_word' id='word_1_117' title='bbox 189 1779 268 1833; x_wconf 86' lang='lat' dir='ltr'>etiam</span> <span class='ocrx_word' id='word_1_118' title='bbox 296 1775 425 1848; x_wconf 86' lang='lat' dir='ltr'>perfidiam</span> <span class='ocrx_word' id='word_1_119' title='bbox 455 1776 624 1846; x_wconf 85' lang='lat' dir='ltr'>suspectabat.</span> <span class='ocrx_word' id='word_1_120' title='bbox 677 1777 765 1848; x_wconf 83' lang='lat' dir='ltr'>Igitur</span> <span class='ocrx_word' id='word_1_121' title='bbox 787 1777 877 1830; x_wconf 84' lang='lat' dir='ltr'>nuntio</span> <span class='ocrx_word' id='word_1_122' title='bbox 902 1775 1022 1830; x_wconf 72' lang='lat' dir='ltr'>alatoaa</span> 
     </span>
     <span class='ocr_line' id='line_1_19' title="bbox 186 1853 978 1926; baseline -0.003 -17"><span class='ocrx_word' id='word_1_123' title='bbox 186 1855 287 1926; x_wconf 87' lang='lat' dir='ltr'>pulsam</span> <span class='ocrx_word' id='word_1_124' title='bbox 304 1853 466 1908; x_wconf 79' lang='lat' dir='ltr'>Trevirorum</span> <span class='ocrx_word' id='word_1_125' title='bbox 480 1853 544 1906; x_wconf 89' lang='lat' dir='ltr'>alam</span> <span class='ocrx_word' id='word_1_126' title='bbox 562 1853 730 1925; x_wconf 72' lang='lat' dir='ltr'>&#39;ltrngrosqne</span> <span class='ocrx_word' id='word_1_127' title='bbox 742 1873 757 1908; x_wconf 89' lang='lat' dir='ltr'>a</span> <span class='ocrx_word' id='word_1_128' title='bbox 769 1853 848 1910; x_wconf 86' lang='lat' dir='ltr'>classe</span> <span class='ocrx_word' id='word_1_129' title='bbox 860 1853 978 1921; x_wconf 89' lang='lat' dir='ltr'>Othonis,</span> 
     </span>
     <span class='ocr_line' id='line_1_20' title="bbox 188 1929 978 1996; baseline -0.003 -10"><span class='ocrx_word' id='word_1_130' title='bbox 188 1937 215 1986; x_wconf 91' lang='lat' dir='ltr'>et</span> <span class='ocrx_word' id='word_1_131' title='bbox 239 1930 432 1986; x_wconf 87' lang='lat' dir='ltr'>Narbonensem</span> <span class='ocrx_word' id='word_1_132' title='bbox 450 1929 557 1984; x_wconf 82' lang='lat' dir='ltr'>Galbam</span> <span class='ocrx_word' id='word_1_133' title='bbox 575 1931 708 1996; x_wconf 80' lang='lat' dir='ltr'>circumiri,</span> <span class='ocrx_word' id='word_1_134' title='bbox 728 1930 803 1986; x_wconf 88' lang='lat' dir='ltr'>simul</span> <span class='ocrx_word' id='word_1_135' title='bbox 820 1949 881 1986; x_wconf 87' lang='lat' dir='ltr'>cura</span> <span class='ocrx_word' id='word_1_136' title='bbox 897 1931 978 1985; x_wconf 87' lang='lat' dir='ltr'>socios</span> 
     </span>
     <span class='ocr_line' id='line_1_21' title="bbox 187 2008 980 2074; baseline -0.003 -10"><span class='ocrx_word' id='word_1_137' title='bbox 187 2009 278 2064; x_wconf 88' lang='lat' dir='ltr'>tuendi</span> <span class='ocrx_word' id='word_1_138' title='bbox 295 2013 322 2063; x_wconf 90' lang='lat' dir='ltr'>et</span> <span class='ocrx_word' id='word_1_139' title='bbox 342 2008 447 2062; x_wconf 87' lang='lat' dir='ltr'>militari</span> <span class='ocrx_word' id='word_1_140' title='bbox 466 2013 524 2063; x_wconf 86' lang='lat' dir='ltr'>astu</span> <span class='ocrx_word' id='word_1_141' title='bbox 541 2009 658 2064; x_wconf 89' lang='lat' dir='ltr'>cohortes</span> <span class='ocrx_word' id='word_1_142' title='bbox 682 2009 797 2064; x_wconf 82' lang='lat' dir='ltr'>turbidas</span> <span class='ocrx_word' id='word_1_143' title='bbox 822 2027 858 2074; x_wconf 88' lang='lat' dir='ltr'>ac,</span> <span class='ocrx_word' id='word_1_144' title='bbox 884 2010 905 2064; x_wconf 91' lang='lat' dir='ltr'>si</span> <span class='ocrx_word' id='word_1_145' title='bbox 928 2027 980 2063; x_wconf 90' lang='lat' dir='ltr'>una</span> 
     </span>
     <span class='ocr_line' id='line_1_22' title="bbox 188 2085 980 2158; baseline -0.001 -18"><span class='ocrx_word' id='word_1_146' title='bbox 188 2087 282 2150; x_wconf 80' lang='lat' dir='ltr'>forent,</span> <span class='ocrx_word' id='word_1_147' title='bbox 300 2085 448 2156; x_wconf 82' lang='lat' dir='ltr'>proevalidas</span> <span class='ocrx_word' id='word_1_148' title='bbox 467 2085 635 2158; x_wconf 89' lang='lat' dir='ltr'>dispergendi,</span> <span class='ocrx_word' id='word_1_149' title='bbox 654 2091 752 2158; x_wconf 88' lang='lat' dir='ltr'>partem</span> <span class='ocrx_word' id='word_1_150' title='bbox 770 2087 925 2141; x_wconf 89' lang='lat' dir='ltr'>Batavorum</span> <span class='ocrx_word' id='word_1_151' title='bbox 943 2087 980 2140; x_wconf 91' lang='lat' dir='ltr'>ire</span> 
     </span>
     <span class='ocr_line' id='line_1_23' title="bbox 188 2163 1002 2234; baseline 0.001 -16"><span class='ocrx_word' id='word_1_152' title='bbox 188 2165 216 2218; x_wconf 94' lang='lat' dir='ltr'>in</span> <span class='ocrx_word' id='word_1_153' title='bbox 229 2163 370 2218; x_wconf 87' lang='lat' dir='ltr'>subsidium</span> <span class='ocrx_word' id='word_1_154' title='bbox 383 2163 467 2234; x_wconf 86' lang='lat' dir='ltr'>jubet.</span> <span class='ocrx_word' id='word_1_155' title='bbox 503 2163 581 2222; x_wconf 77' lang='lat' dir='ltr'>Quod</span> <span class='ocrx_word' id='word_1_156' title='bbox 596 2163 641 2218; x_wconf 89' lang='lat' dir='ltr'>ubi</span> <span class='ocrx_word' id='word_1_157' title='bbox 659 2164 773 2218; x_wconf 87' lang='lat' dir='ltr'>auditum</span> <span class='ocrx_word' id='word_1_158' title='bbox 789 2163 1002 2234; x_wconf 80' lang='lat' dir='ltr'>vulgatumque,2</span> 
     </span>
     <span class='ocr_line' id='line_1_24' title="bbox 188 2240 981 2312; baseline -0.003 -16"><span class='ocrx_word' id='word_1_159' title='bbox 188 2258 294 2296; x_wconf 79' lang='lat' dir='ltr'>maerere</span> <span class='ocrx_word' id='word_1_160' title='bbox 309 2241 378 2305; x_wconf 89' lang='lat' dir='ltr'>socii,</span> <span class='ocrx_word' id='word_1_161' title='bbox 396 2241 503 2294; x_wconf 75' lang='lat' dir='ltr'>sternere</span> <span class='ocrx_word' id='word_1_162' title='bbox 518 2240 638 2312; x_wconf 87' lang='lat' dir='ltr'>legiones.</span> <span class='ocrx_word' id='word_1_163' title='bbox 676 2240 768 2296; x_wconf 88' lang='lat' dir='ltr'>Orbari</span> <span class='ocrx_word' id='word_1_164' title='bbox 785 2259 813 2295; x_wconf 90' lang='lat' dir='ltr'>se</span> <span class='ocrx_word' id='word_1_165' title='bbox 830 2241 981 2294; x_wconf 84' lang='lat' dir='ltr'>fortissimo-</span> 
     </span>
     <span class='ocr_line' id='line_1_25' title="bbox 188 2316 981 2384; baseline -0.003 -11"><span class='ocrx_word' id='word_1_166' title='bbox 188 2337 247 2373; x_wconf 88' lang='lat' dir='ltr'>rum</span> <span class='ocrx_word' id='word_1_167' title='bbox 274 2317 386 2372; x_wconf 86' lang='lat' dir='ltr'>rirornm</span> <span class='ocrx_word' id='word_1_168' title='bbox 412 2317 522 2384; x_wconf 79' lang='lat' dir='ltr'>auxili03</span> <span class='ocrx_word' id='word_1_169' title='bbox 540 2322 639 2372; x_wconf 89' lang='lat' dir='ltr'>veteres</span> <span class='ocrx_word' id='word_1_170' title='bbox 663 2318 719 2374; x_wconf 89' lang='lat' dir='ltr'>illos</span> <span class='ocrx_word' id='word_1_171' title='bbox 742 2321 768 2372; x_wconf 91' lang='lat' dir='ltr'>et</span> <span class='ocrx_word' id='word_1_172' title='bbox 792 2321 833 2372; x_wconf 91' lang='lat' dir='ltr'>tot</span> <span class='ocrx_word' id='word_1_173' title='bbox 857 2316 981 2372; x_wconf 90' lang='lat' dir='ltr'>bellorum</span> 
     </span>
     <span class='ocr_line' id='line_1_26' title="bbox 188 2395 981 2466; baseline -0.001 -15"><span class='ocrx_word' id='word_1_174' title='bbox 188 2397 307 2460; x_wconf 74' lang='lat' dir='ltr'>victores,</span> <span class='ocrx_word' id='word_1_175' title='bbox 321 2398 454 2466; x_wconf 87' lang='lat' dir='ltr'>postquam</span> <span class='ocrx_word' id='word_1_176' title='bbox 465 2395 494 2449; x_wconf 91' lang='lat' dir='ltr'>in</span> <span class='ocrx_word' id='word_1_177' title='bbox 505 2401 643 2466; x_wconf 88' lang='lat' dir='ltr'>conspectu</span> <span class='ocrx_word' id='word_1_178' title='bbox 655 2395 689 2450; x_wconf 90' lang='lat' dir='ltr'>sit</span> <span class='ocrx_word' id='word_1_179' title='bbox 701 2395 790 2460; x_wconf 86' lang='lat' dir='ltr'>hostis,</span> <span class='ocrx_word' id='word_1_180' title='bbox 803 2395 874 2450; x_wconf 79' lang='lat' dir='ltr'>velut</span> <span class='ocrx_word' id='word_1_181' title='bbox 884 2413 916 2450; x_wconf 80' lang='lat' dir='ltr'>er</span> <span class='ocrx_word' id='word_1_182' title='bbox 928 2396 981 2450; x_wconf 88' lang='lat' dir='ltr'>acie</span> 
     </span>
     <span class='ocr_line' id='line_1_27' title="bbox 190 2472 1003 2544; baseline 0 -16"><span class='ocrx_word' id='word_1_183' title='bbox 190 2472 290 2528; x_wconf 89' lang='lat' dir='ltr'>abduci.</span> <span class='ocrx_word' id='word_1_184' title='bbox 328 2472 356 2526; x_wconf 79' lang='lat' dir='ltr'>Si</span> <span class='ocrx_word' id='word_1_185' title='bbox 366 2472 496 2543; x_wconf 82' lang='lat' dir='ltr'>provincia</span> <span class='ocrx_word' id='word_1_186' title='bbox 505 2472 569 2526; x_wconf 91' lang='lat' dir='ltr'>urbe</span> <span class='ocrx_word' id='word_1_187' title='bbox 587 2476 613 2526; x_wconf 89' lang='lat' dir='ltr'>et</span> <span class='ocrx_word' id='word_1_188' title='bbox 629 2472 712 2526; x_wconf 89' lang='lat' dir='ltr'>salute</span> <span class='ocrx_word' id='word_1_189' title='bbox 728 2472 827 2542; x_wconf 89' lang='lat' dir='ltr'>imperii</span> <span class='ocrx_word' id='word_1_190' title='bbox 843 2473 928 2544; x_wconf 88' lang='lat' dir='ltr'>potior</span> <span class='ocrx_word' id='word_1_191' title='bbox 939 2473 1003 2540; x_wconf 80' lang='lat' dir='ltr'>sit,3</span> 
     </span>
    </p>
   </div>
   <div class='ocr_carea' id='block_1_4' title="bbox 191 2548 982 2691">
    <p class='ocr_par' dir='ltr' id='par_1_4' title="bbox 191 2548 982 2691">
     <span class='ocr_line' id='line_1_28' title="bbox 191 2548 982 2620; baseline 0.001 -16"><span class='ocrx_word' id='word_1_192' title='bbox 191 2568 278 2604; x_wconf 87' lang='lat' dir='ltr'>omnes</span> <span class='ocrx_word' id='word_1_193' title='bbox 295 2548 356 2604; x_wconf 88' lang='lat' dir='ltr'>illuc</span> <span class='ocrx_word' id='word_1_194' title='bbox 374 2553 555 2620; x_wconf 87' lang='lat' dir='ltr'>sequerentur:</span> <span class='ocrx_word' id='word_1_195' title='bbox 575 2549 615 2603; x_wconf 88' lang='lat' dir='ltr'>sin</span> <span class='ocrx_word' id='word_1_196' title='bbox 630 2549 743 2604; x_wconf 82' lang='lat' dir='ltr'>victoriae</span> <span class='ocrx_word' id='word_1_197' title='bbox 761 2549 864 2616; x_wconf 84' lang='lat' dir='ltr'>sanitas,</span> <span class='ocrx_word' id='word_1_198' title='bbox 884 2553 982 2605; x_wconf 89' lang='lat' dir='ltr'>susten·</span> 
     </span>
     <span class='ocr_line' id='line_1_29' title="bbox 191 2619 981 2691; baseline 0 -17"><span class='ocrx_word' id='word_1_199' title='bbox 191 2620 312 2684; x_wconf 86' lang='lat' dir='ltr'>taculum,</span> <span class='ocrx_word' id='word_1_200' title='bbox 323 2619 439 2674; x_wconf 84' lang='lat' dir='ltr'>columen</span> <span class='ocrx_word' id='word_1_201' title='bbox 447 2620 474 2674; x_wconf 92' lang='lat' dir='ltr'>in</span> <span class='ocrx_word' id='word_1_202' title='bbox 485 2619 718 2685; x_wconf 85' lang='lat' dir='ltr'>Italiaverteretur,</span> <span class='ocrx_word' id='word_1_203' title='bbox 729 2638 780 2674; x_wconf 91' lang='lat' dir='ltr'>non</span> <span class='ocrx_word' id='word_1_204' title='bbox 789 2619 981 2691; x_wconf 86' lang='lat' dir='ltr'>abrumpendos,</span> 
     </span>
    </p>
   </div>
   <div class='ocr_carea' id='block_1_5' title="bbox 191 2696 1027 3077">
    <p class='ocr_par' dir='ltr' id='par_1_5' title="bbox 191 2696 1027 3077">
     <span class='ocr_line' id='line_1_30' title="bbox 191 2696 1027 2769; baseline -0.001 -18"><span class='ocrx_word' id='word_1_205' title='bbox 191 2702 222 2751; x_wconf 90' lang='lat' dir='ltr'>ut</span> <span class='ocrx_word' id='word_1_206' title='bbox 234 2696 342 2768; x_wconf 85' lang='lat' dir='ltr'>corpori,</span> <span class='ocrx_word' id='word_1_207' title='bbox 354 2696 522 2752; x_wconf 84' lang='lat' dir='ltr'>validissimos</span> <span class='ocrx_word' id='word_1_208' title='bbox 536 2700 615 2751; x_wconf 85' lang='lat' dir='ltr'>artus.</span> <span class='ocrx_word' id='word_1_209' title='bbox 651 2697 716 2752; x_wconf 85' lang='lat' dir='ltr'>Haec</span> <span class='ocrx_word' id='word_1_210' title='bbox 728 2697 847 2752; x_wconf 89' lang='lat' dir='ltr'>ferociter</span> <span class='ocrx_word' id='word_1_211' title='bbox 855 2697 981 2769; x_wconf 85' lang='lat' dir='ltr'>jactando,</span> <span class='ocrx_word' id='word_1_212' title='bbox 991 2711 1027 2763; x_wconf 81' lang='lat'>29</span> 
     </span>
     <span class='ocr_line' id='line_1_31' title="bbox 191 2774 984 2845; baseline -0.003 -17"><span class='ocrx_word' id='word_1_213' title='bbox 191 2778 338 2845; x_wconf 87' lang='lat' dir='ltr'>postquam,</span> <span class='ocrx_word' id='word_1_214' title='bbox 354 2774 473 2829; x_wconf 87' lang='lat' dir='ltr'>immissis</span> <span class='ocrx_word' id='word_1_215' title='bbox 489 2774 629 2842; x_wconf 86' lang='lat' dir='ltr'>lictoribus,</span> <span class='ocrx_word' id='word_1_216' title='bbox 637 2774 734 2829; x_wconf 83' lang='lat' dir='ltr'>Valens</span> <span class='ocrx_word' id='word_1_217' title='bbox 752 2779 867 2829; x_wconf 74' lang='lat' dir='ltr'>coercere</span> <span class='ocrx_word' id='word_1_218' title='bbox 881 2774 984 2828; x_wconf 79' lang='lat' dir='ltr'>seditio-</span> 
     </span>
     <span class='ocr_line' id='line_1_32' title="bbox 191 2850 984 2922; baseline -0.004 -16"><span class='ocrx_word' id='word_1_219' title='bbox 191 2870 251 2906; x_wconf 90' lang='lat' dir='ltr'>nem</span> <span class='ocrx_word' id='word_1_220' title='bbox 264 2850 398 2920; x_wconf 87' lang='lat' dir='ltr'>coeptabat,</span> <span class='ocrx_word' id='word_1_221' title='bbox 411 2852 495 2922; x_wconf 91' lang='lat' dir='ltr'>ipsum</span> <span class='ocrx_word' id='word_1_222' title='bbox 507 2851 638 2919; x_wconf 87' lang='lat' dir='ltr'>invadunt,</span> <span class='ocrx_word' id='word_1_223' title='bbox 652 2869 714 2906; x_wconf 86' lang='lat' dir='ltr'>saxa</span> <span class='ocrx_word' id='word_1_224' title='bbox 724 2851 830 2922; x_wconf 83' lang='lat' dir='ltr'>jaciunt,</span> <span class='ocrx_word' id='word_1_225' title='bbox 844 2851 984 2920; x_wconf 85' lang='lat' dir='ltr'>lugientem</span> 
     </span>
     <span class='ocr_line' id='line_1_33' title="bbox 192 2929 1006 3000; baseline -0.007 -16"><span class='ocrx_word' id='word_1_226' title='bbox 192 2932 344 2998; x_wconf 80' lang='lat' dir='ltr'>sequuntur.</span> <span class='ocrx_word' id='word_1_227' title='bbox 381 2929 467 3000; x_wconf 80' lang='lat' dir='ltr'>Spolia</span> <span class='ocrx_word' id='word_1_228' title='bbox 484 2929 622 2984; x_wconf 85' lang='lat' dir='ltr'>Galliarum</span> <span class='ocrx_word' id='word_1_229' title='bbox 640 2933 667 2984; x_wconf 91' lang='lat' dir='ltr'>et</span> <span class='ocrx_word' id='word_1_230' title='bbox 688 2929 871 2984; x_wconf 87' lang='lat' dir='ltr'>Viennensimn</span> <span class='ocrx_word' id='word_1_231' title='bbox 895 2941 1006 2985; x_wconf 75' lang='lat' dir='ltr'>auruma</span> 
     </span>
     <span class='ocr_line' id='line_1_34' title="bbox 192 3001 1011 3077; baseline -0.006 -16"><span class='ocrx_word' id='word_1_232' title='bbox 192 3011 220 3061; x_wconf 88' lang='lat' dir='ltr'>et</span> <span class='ocrx_word' id='word_1_233' title='bbox 233 3005 319 3077; x_wconf 84' lang='lat' dir='ltr'>pretia</span> <span class='ocrx_word' id='word_1_234' title='bbox 327 3004 443 3062; x_wconf 87' lang='lat' dir='ltr'>laborum</span> <span class='ocrx_word' id='word_1_235' title='bbox 452 3025 555 3061; x_wconf 89' lang='lat' dir='ltr'>suorum</span> <span class='ocrx_word' id='word_1_236' title='bbox 563 3007 691 3062; x_wconf 87' lang='lat' dir='ltr'>occultare</span> <span class='ocrx_word' id='word_1_237' title='bbox 703 3005 868 3066; x_wconf 87' lang='lat' dir='ltr'>clamitantes,</span> <span class='ocrx_word' id='word_1_238' title='bbox 879 3001 984 3070; x_wconf 76' lang='lat' dir='ltr'>dmeptis</span> <span class='ocrx_word' id='word_1_239' title='bbox 1010 3053 1011 3056; x_wconf 76' lang='grc'>,</span> 
     </span>
    </p>
   </div>
   <div class='ocr_carea' id='block_1_6' title="bbox 0 0 1309 3592">
    <p class='ocr_par' dir='ltr' id='par_1_6' title="bbox 0 0 1309 3592">
     <span class='ocr_line' id='line_1_35' title="bbox 0 0 1309 3592; baseline 0 0"><span class='ocrx_word' id='word_1_240' title='bbox 0 0 1309 3592; x_wconf 95' lang='lat' dir='ltr'> </span> 
     </span>
    </p>
   </div>
  </div>
 </body>
</html>
