2575 3592
202 498 231 536 Δ.
242 496 261 535 D
273 495 320 545 ⁴⁷⁰]
378 432 628 481 HISTORIARUM
646 431 692 479 IV.
708 433 809 482 69-71.
938 433 985 479 203

198 564 301 601 manum
320 562 371 599 non
391 548 520 612 exuerant,
540 544 716 615 perfugerant.
751 542 877 614 Legiones
896 558 913 595 a
932 541 987 596 No-

197 623 270 679 vesio
288 622 426 693 Bonnaque
446 622 473 675 iu
491 622 621 686 lbeveros,
643 625 675 675 ut
693 637 770 691 snpra
784 618 985 683 memoravimus,

197 698 330 765 traducta,
351 717 378 753 se
397 699 459 769 ipsae
474 698 502 753 in
517 696 594 753 verba
610 697 759 768 Vespasiani
772 696 885 768 adigunt.
921 696 1008 756 Haeo?

197 774 336 829 Valentino
356 774 461 829 absente
484 778 574 845 gesta:
592 775 636 847 qui
654 774 699 829 ubi
721 773 873 828 adventabat
891 772 985 840 furens,

197 856 342 924 ouuetaque
365 870 454 907 rursus
478 852 505 905 iu
527 852 662 907 turbaret
683 851 787 906 exitium
809 868 984 915 eonversurus,

196 928 311 1000 legiones
335 929 363 983 in
382 928 595 993 Mediomatrieos,
616 928 709 983 soeiam
728 928 863 994 aueum,
887 926 985 982 absees-

196 1024 263 1060 sere.
300 1006 451 1060 Valentinus
474 1022 503 1059 ao
526 1005 608 1060 Tutor
630 1005 658 1059 in
678 1024 747 1059 arma
765 1006 887 1059 'l'reveros
905 1014 1007 1062 retra-8

195 1084 280 1137 hunt:
300 1082 389 1138 oerisis
405 1082 535 1137 Herennio
552 1100 581 1137 ae
597 1082 722 1150 Numisio,
741 1082 854 1153 Legae,
872 1099 922 1153 quo
940 1081 984 1135 mi-

196 1178 260 1215 nore
274 1178 319 1231 spe
330 1159 411 1213 venia
423 1162 547 1215 aresceret
559 1158 687 1214 duculum
698 1158 807 1214 seeleris.

231 1236 285 1291 Hie
305 1235 365 1291 belli
380 1240 463 1291 status
480 1240 541 1301 erat,
559 1246 617 1291 eum
634 1236 742 1291 Petilius
758 1234 861 1290 Cerialis
875 1234 1026 1305 Magon-'ll

195 1314 293 1369 tineam
304 1313 382 1368 veuit.
418 1314 482 1384 Ejus
494 1314 604 1368 adventu
618 1318 709 1369 erecta
720 1331 785 1384 spes.
820 1313 881 1383 Ipse
892 1330 984 1385 pugna

196 1390 287 1445 avidus
305 1395 331 1444 et
348 1390 542 1455 contemnendis,
561 1408 636 1462 quam
655 1391 779 1458 eavendis,
794 1389 911 1444 hostibus
933 1409 983 1445 me-

195 1467 253 1532 lior,
264 1466 358 1522 ferocia
368 1467 501 1522 verborum
513 1467 618 1522 militem
629 1467 797 1523 intendebat:
815 1466 860 1521 ubi
874 1466 983 1536 pn'mum

196 1543 318 1615 eongredi
329 1544 449 1609 lienisset,
461 1544 555 1599 nullam
567 1544 656 1615 proelio
667 1563 762 1599 moram
774 1544 895 1599 facturus.
931 1544 1007 1598 Det

194 1620 279 1676 lectus
303 1640 348 1692 per
372 1621 477 1676 Galliam
499 1620 600 1677 habitos
623 1622 651 1676 in
674 1622 790 1677 mutates
813 1620 928 1686 remittit,
953 1638 984 1676 ao

194 1698 315 1753 nuntiam
334 1697 418 1767 jubet,
441 1698 555 1754 sufficere
578 1699 689 1770 Imperio
712 1698 840 1771 legiones:
866 1697 928 1752 soeii
951 1697 983 1753 nd

193 1774 283 1829 munia
294 1775 363 1846 paeis
375 1774 495 1839 redirent,
509 1775 598 1841 seeum,
611 1776 682 1831 velut
700 1775 815 1831 eordeeto
829 1774 902 1839 bello,
915 1774 983 1845 quod

191 1852 316 1907 Romana
337 1870 427 1906 manus
447 1853 613 1923 exeepissent.
649 1852 729 1908 Auxit
747 1871 777 1908 ea
793 1871 834 1907 res
852 1851 982 1907 Gallorum

192 1928 351 1999 obsequium.
387 1928 464 1992 Nam,
484 1934 586 2001 recepta
603 1932 746 2000 juventute,
767 1930 865 1985 facilius
885 1929 983 1984 tributa

191 2004 340 2070 toleravere,
353 2006 483 2075 proniores
496 2006 527 2061 sd
541 2007 628 2074 offie'm,
640 2007 708 2079 quod
720 2006 909 2078 spernebantur.
945 2008 1005 2061 Ata

193 2081 281 2137 Civilis
303 2086 329 2136 et
351 2081 485 2147 Classiam,
502 2082 547 2138 ubi
564 2083 665 2154 pulsum
682 2084 811 2148 Tutorem,
827 2100 905 2137 casos
920 2082 982 2137 Tre

191 2176 274 2224 veros,
300 2164 392 2214 cuneta
414 2160 530 2215 hostibus
554 2178 674 2231 prospera
697 2178 823 2230 aoeepere,
842 2158 982 2229 trepidius

191 2240 366 2307 properantes,
385 2236 444 2291 dum
463 2236 587 2307 dispersas
605 2255 709 2291 suorum
727 2237 811 2307 copias
829 2235 980 2304 conducunt,

191 2312 289 2367 enebris
306 2312 406 2367 interim
424 2314 521 2367 nuntiis
538 2313 702 2367 Valentinum
718 2330 844 2378 monuere,
861 2330 894 2367 ue
911 2330 981 2367 sum·

190 2408 241 2445 mee
259 2388 294 2443 rei
307 2389 446 2459 perieulum
458 2390 560 2445 faeeret.
583 2390 635 2445 ·Eo
647 2388 759 2460 rapidius
771 2388 884 2456 Cerialis,
895 2390 1002 2446 missist

190 2465 218 2519 in
231 2465 445 2531 Mediomatricos,
464 2467 507 2537 qui
522 2466 635 2521 breviore
646 2467 737 2521 itinere
751 2466 863 2537 legiones
879 2467 906 2521 in
921 2468 980 2524 hos·

191 2544 246 2595 tem
266 2548 401 2611 verterent,
422 2547 560 2611 contracto,
581 2542 649 2614 quod
672 2549 726 2598 erat
744 2544 853 2598 militum
870 2545 979 2617 Magon·

192 2618 261 2685 tiuei,
286 2625 458 2691 quantumque
477 2638 562 2676 seeum
580 2626 763 2687 transvexerat,
787 2622 871 2677 tertiis
889 2624 978 2678 eastris

193 2694 350 2765 Rigodulum
376 2698 462 2763 venit;
492 2715 567 2767 quom
595 2697 678 2753 locum
699 2716 790 2769 magna
812 2699 978 2755 Treverorum

191 2790 270 2827 manu
281 2773 432 2829 Valentinus
444 2774 578 2839 insederat,
590 2775 717 2830 montibus
730 2780 774 2830 aut
786 2776 894 2830 Mosella
904 2794 978 2829 amne

190 2854 299 2919 septum.
336 2852 371 2904 ut
382 2850 512 2906 addiderat
523 2850 603 2907 fossas
615 2852 758 2923 objieesque
767 2872 891 2907 saxorum.
922 2851 1000 2906 Neot

190 2925 337 2982 deterruere
349 2944 379 2981 ea
390 2928 545 2983 munimenta
556 2929 699 2983 Romanum
711 2930 816 2994 Dueem,
833 2946 882 2998 quo
894 2927 978 2983 miuus

190 3002 301 3075 peditem
320 3022 481 3076 perrumpere
497 3004 606 3077 juberet,
622 3007 737 3075 equitum
756 3005 835 3061 aeiem
849 3005 876 3059 iu
889 3004 978 3060 eollern
