2575 3592
412 426 607 474 GERMANIA
626 428 726 475 16-21.
920 430 965 477 241

185 540 257 605 ultre,
276 556 307 593 ue
323 538 422 611 longior
439 539 571 611 cupiditas,
590 556 623 594 no
642 541 763 609 tanquam
784 539 903 593 maritum
922 538 968 595 sed

184 620 299 687 tanquam
321 618 508 671 matrimonium
532 624 623 671 ament.
667 616 808 670 Numerum
832 616 967 671 liberorum

184 694 260 759 finire
277 698 320 748 aut
336 713 478 765 quenquam
500 712 533 749 ex
549 693 650 765 agnatis
665 711 762 758 necare,
780 693 905 764 flagitium
924 694 968 747 ha·

184 771 270 837 betur;
288 770 394 841 plusque
406 771 441 825 ibi
457 771 517 825 boni
532 788 616 825 mores
632 770 716 825 valent
729 788 804 841 quam
820 770 880 824 alibi
895 770 967 825 bona

181 848 257 918 leges.
292 848 323 902 In
340 848 408 903 omni
424 847 498 902 domo
513 848 575 903 nudi
590 866 619 903 ac
635 846 730 902 sordidi
744 847 772 901 in
785 847 832 901 hos
848 854 928 911 artus,
940 848 1013 903 11120

181 926 237 979 lrac
250 942 359 995 corpora,
372 944 428 997 quae
443 926 570 993 miramur,
582 929 738 980 excrescunt.
774 924 825 979 Sua
841 943 967 996 quemque

181 1006 262 1057 mater
269 1001 388 1057 uberibus
398 1002 449 1069 alit,
458 1020 505 1058 nec
514 1002 609 1057 ancilis
618 1020 648 1057 ac
656 1000 798 1056 nutricibus
810 1002 966 1073 delegantur.

180 1079 462 1135 Dominumacservum
471 1079 546 1134 nullis
554 1078 709 1134 educatoris
718 1077 813 1133 deliciis
822 1078 990 1150 dignoscas:2

180 1158 247 1212 iuter
258 1155 346 1210 eadem
358 1173 456 1226 pecora,
469 1156 496 1211 in
508 1154 593 1211 eadem
606 1156 684 1209 humo
696 1154 798 1226 degimt,
811 1154 891 1211 donec
903 1160 965 1211 aetus

180 1237 279 1304 separet
290 1232 422 1305 ingenuos,
432 1233 514 1288 uirtus
522 1236 652 1304 agnoscat.
678 1232 867 1301 Serajuvenum
876 1251 962 1299 venus,
974 1239 989 1285 8

180 1328 259 1381 eoque
270 1310 421 1365 inexhausta
437 1310 564 1381 pubertas.
601 1310 658 1364 Nec
668 1308 779 1380 virgines
796 1309 963 1376 festinantem

180 1386 267 1443 eadem
281 1387 394 1458 juvente„
404 1387 491 1442 similis
503 1387 657 1459 promritus:
674 1404 746 1457 pares
758 1386 895 1457 validaque
906 1388 964 1442 mis-

179 1463 632 1531 centur,acroboraparentumliberi
639 1463 761 1517 referunt.
780 1464 989 1518 Sororumfiliiss

179 1540 246 1595 idem
254 1540 323 1611 apud
328 1542 479 1597 auunculum
485 1542 528 1614 qui
535 1542 566 1597 ad
573 1545 671 1612 patrem
677 1542 764 1595 honor.
778 1539 888 1600 Quidam
894 1559 965 1595 sanc-

178 1618 270 1672 tiorem
283 1618 464 1691 arctioremque
475 1620 542 1674 hunc
554 1636 648 1673 nexum
659 1617 789 1689 sanguinis
800 1616 962 1683 arbitrantur,

178 1698 206 1749 et
218 1694 245 1747 in
257 1695 407 1765 accipiendis
424 1694 553 1751 obsidibus
565 1695 645 1767 magu
661 1695 775 1766 exigunt,
787 1697 908 1766 tanquam
919 1695 962 1766 [ii]

177 1774 205 1825 et
218 1770 330 1825 animum
341 1772 441 1825 firmius
449 1775 476 1827 et
493 1771 594 1826 domum
605 1772 682 1827 latins
693 1775 806 1827 teneant.
841 1771 989 1828 Η111ἀ115

177 1851 265 1903 tamem
294 1866 500 1918 successoresque
529 1848 570 1903 sui
592 1848 683 1921 cuique
705 1847 778 1903 liberi
785 1870 793 1915 3
817 1852 844 1903 et
866 1848 964 1903 nullum

176 1928 368 1979 testamentum.
406 1924 433 1979 ai
455 1924 529 1980 liberi
550 1944 601 1980 non
624 1929 693 1991 sunt,
717 1925 846 1996 proximus
869 1925 963 1995 gradus

176 2000 205 2055 in
223 2002 382 2071 possessione
399 2001 497 2067 fratres,
516 2003 607 2073 patrui,
627 2002 752 2057 avunculi.
787 2002 891 2061 Quanto
906 2002 963 2073 plus

176 2078 385 2151 propinquorum,
415 2096 465 2150 quo
490 2080 570 2151 major
597 2080 708 2133 affinium
735 2096 862 2143 numerus,
890 2082 963 2131 tauto

177 2154 315 2225 gratiosior
334 2159 468 2222 senectus3
486 2174 532 2211 uec
553 2155 605 2210 ulla
621 2155 738 2210 orbitatis
755 2156 843 2227 pretia
880 2154 1010 2212 susci-21

176 2248 240 2301 pere
260 2230 313 2285 tani
329 2230 471 2286 mimicitiaa
489 2250 535 2287 seu
554 2231 641 2303 patris,
660 2250 707 2286 seu
723 2228 864 2302 propinqui,
888 2248 964 2301 quam

176 2306 304 2363 amicitias
316 2326 417 2363 necesse
427 2312 474 2363 est·
511 2308 567 2363 Nec
578 2306 747 2379 implacabiles
758 2307 865 2362 dmant:
883 2306 964 2361 luitur

175 2384 246 2440 enim
259 2384 335 2439 etiam
353 2382 515 2440 homicidium
527 2389 598 2439 certo
613 2388 784 2439 armentomm
800 2402 829 2439 ac
844 2401 961 2456 pecorum

174 2476 293 2526 numero,
305 2458 445 2531 recipitque
458 2458 658 2518 satisfactionem
676 2460 793 2516 universa
804 2460 899 2527 domus,
912 2463 962 2517 uti·

174 2538 237 2593 liter
255 2537 283 2593 in
300 2536 434 2609 publicum,
453 2538 512 2609 quia
534 2536 724 2609 periculosiores
743 2543 804 2593 sunt
826 2538 961 2598 inimicitia

169 2618 255 2687 juxta
266 2614 416 2670 libertatem.

214 2690 382 2747 Convictibus
402 2695 429 2747 et
450 2690 567 2763 hospitiis
585 2708 637 2746 non
654 2690 703 2746 alia
722 2710 785 2762 gens
804 2692 908 2747 effusius
925 2693 989 2754 ina

174 2767 277 2838 dulgct.
323 2769 505 2840 Quemcunque
527 2768 671 2823 mortalium
694 2786 778 2824 arcere
800 2773 869 2825 tecto
891 2769 963 2823 nefas

174 2844 305 2911 habetur;
323 2864 370 2916 pro
386 2845 489 2900 fortuna
500 2846 607 2918 quisque
623 2846 750 2916 apparatis
764 2847 844 2917 epulis
860 2844 963 2915 excipit.

175 2922 246 2977 Cum
260 2920 382 2987 deiecere,
395 2922 439 2994 qui
450 2922 526 2978 ruodo
535 2923 627 2993 hospes
638 2923 729 2989 suerat,
742 2925 895 2978 monstrator
906 2920 964 2977 hos-

213 3025 364 3065 rao.,rorr.n·
568 3016 588 3054 B
