2575 3592
141 420 143 459 ‘
429 444 610 494 nourcora
630 442 729 489 n-ru
933 433 979 480 aas

191 509 319 554 1111111
335 507 361 546 1.
372 507 453 546 41-11,

196 563 259 633 perii
281 577 385 614 munera
403 507 510 630 impigre
530 556 632 621 obeunt,
653 552 676 607 si
694 549 791 621 injurie
810 544 908 600 absint:
933 543 980 597 has

195 655 261 705 aegre
277 637 393 703 tolerant,
406 640 460 707 J‘am
478 634 567 690 domiti
583 636 613 687 ut
631 631 742 702 pareant,
754 623 864 680 nondum
881 624 912 674 ut
928 630 1052 674 ser-AM·

195 715 272 768 viunt.
308 713 391 784 Igitur
413 713 509 784 primus
527 710 637 766 omnium
655 707 827 762 Romanorum
844 697 917 752 divus
934 697 979 750 Ju·
1004 672 1047 765 {⁹2

195 791 245 846 lius
256 809 314 845 cum
325 790 438 844 exercitu
448 787 607 843 Britanniam
618 787 755 855 ingressus,
769 793 910 851 quanquam
922 791 979 844 pro·
1012 771 1043 816 ⁶⁶·

196 886 269 937 spera
279 885 364 938 pugna
374 866 494 920 terruerit
504 865 598 920 incolas
610 881 639 917 ao
650 861 724 916 litore
736 857 832 929 potitus
841 853 882 917 sit,
895 853 980 922 potest

196 944 276 998 videri
293 943 433 998 ostendisse
450 942 566 1014 posteris,
585 958 637 995 non
655 934 795 992 tradidisse.
831 930 894 986 Mox
915 926 1004 982 bellat

197 1021 285 1088 civilia,
304 1026 331 1075 et
347 1021 375 1075 in
391 1038 444 1075 rem
467 1019 592 1091 publicam
608 1033 682 1071 versa
699 1011 840 1084 principum
857 1023 932 1070 erma,
951 1022 981 1059 ac

197 1101 273 1170 longa
289 1098 381 1154 oblivio
400 1098 539 1153 Britanniae
556 1096 632 1151 etiam
651 1095 679 1148 in
695 1109 764 1164 pace.
801 1085 939 1142 Consilium
954 1082 980 1138 id

198 1176 271 1231 divus
283 1177 416 1248 Augustus
425 1175 538 1239 meabat,
550 1172 665 1228 'liberius
677 1169 837 1241 praeceptum.
862 1161 1005 1234 Agittssel

199 1253 288 1308 Caium
305 1253 430 1307 Caesarem
441 1251 473 1306 de
484 1249 601 1306 intranda
617 1245 750 1303 Britannia
761 1243 823 1298 satis
835 1245 942 1304 constat,
955 1238 983 1292 ni

199 1331 272 1385 velox
286 1329 395 1402 ingenio,
412 1328 510 1384 mobilis
525 1326 685 1398 penitentie,
698 1327 724 1378 et
735 1321 851 1392 ingentes
864 1316 983 1372 adversus

201 1407 359 1462 Germaniam
378 1410 483 1461 conatis
501 1405 597 1459 frustra
613 1402 729 1457 brissent.
765 1397 846 1453 Divus
864 1393 1058 1448 Claudiusauu·

200 1484 387 1554 †auctcritatc
404 1481 539 1553 [auctori]
562 1480 653 1551 operis,
671 1473 823 1532 transvectis
843 1469 984 1540 legionibus
1001 1455 1046 1545 1⁹}

201 1561 349 1631 auxiliisque
366 1563 393 1615 et
410 1561 540 1630 assumpto
556 1557 585 1612 in
601 1559 699 1628 partem
717 1571 802 1609 rerum
813 1547 984 1620 Vespasian03
1012 1555 1043 1597 sa

202 1637 269 1709 quod
292 1637 392 1692 initium
415 1642 528 1691 ventura
550 1651 611 1689 mox
639 1633 747 1687 fortune
770 1628 828 1684 fuit.
876 1610 1009 1680 Domitae⁵

202 1720 300 1785 gentes,
321 1714 390 1784 capti
409 1731 490 1784 reges,
509 1715 536 1766 et
553 1713 709 1766 monstratus
727 1707 787 1762 fatis
806 1703 984 1774 Vespasianus.
999 1695 1033 1749 14
1112 1736 1118 1744 .

203 1791 378 1846 Consularium
390 1791 486 1861 primus
497 1789 579 1845 Aulus
591 1786 707 1843 Plautius
719 1782 876 1856 prepositus,
888 1798 917 1835 cc
929 1777 986 1834 sub
996 1775 1094 1858 752}ss

202 1867 262 1922 inde
285 1867 404 1922 Ostorius
427 1867 541 1938 Scapula,
564 1869 672 1937 uterquc
695 1862 760 1918 bello
784 1859 918 1932 egregium
947 1874 986 1910 re·
1017 1877 1059 1907 aa.

203 1945 326 2016 ductuque
344 1944 465 2016 paulatim
481 1944 508 1998 in
525 1946 630 1998 formam
652 1939 785 2014 provincie
802 1937 915 2010 proxima
928 1916 1076 2005 pars⁴³⁴⁵¹·

203 2022 350 2077 Britannia.
375 2020 470 2075 Addita
483 2021 586 2091 insuper
597 2025 774 2074 veteranorum
786 2014 889 2072 colonia.
912 2012 1013 2070 Qua-‘l

204 2099 263 2153 dam
283 2098 398 2153 civitates
420 2097 578 2168 Cogidumno
592 2097 647 2167 regi
665 2094 763 2149 donata
777 2093 810 2162 (is
828 2090 859 2145 ad
876 2093 1002 2164 nostram

205 2193 287 2245 usque
315 2174 460 2230 memoriam
490 2174 624 2228 fidissimus
653 2168 768 2240 mansit)
789 2172 827 2232 ut,
851 2169 937 2221 vetere
960 2181 989 2217 uc

203 2251 256 2322 jam
273 2251 369 2322 pridem
386 2255 488 2322 recepta
503 2250 589 2321 populi
608 2247 718 2302 Romani
734 2243 924 2303 consuetudine,
945 2241 990 2294 ha-

207 2329 279 2384 beret
301 2329 470 2383 instrumenta
489 2326 620 2382 servitutis
643 2329 670 2380 et
694 2341 775 2396 reges.
811 2321 875 2376 Mox
898 2317 1015 2373 Didiuss

206 2405 296 2460 Gallus
319 2409 391 2476 parta
411 2424 427 2459 a
446 2404 572 2476 prioribus
596 2401 731 2465 continuit,
751 2398 837 2471 paucis
858 2395 992 2451 admodum

204 2481 318 2538 rastedis
336 2482 363 2536 in
382 2481 503 2536 ulteriora
517 2479 647 2552 promotis,
660 2494 706 2548 per
721 2495 776 2548 quae
792 2475 859 2530 fama
869 2473 938 2528 aucti
955 2471 992 2526 cf·

207 2560 257 2614 ficii
274 2563 436 2630 quareretur.
470 2557 575 2612 Didium
583 2556 710 2610 Veranius
722 2553 828 2624 excepit,
840 2551 912 2623 isque
926 2550 994 2604 intra
1023 2581 1026 2586 ·

205 2654 301 2690 annum
312 2635 454 2690 exstinctus
463 2642 510 2690 est.
524 2655 528 2663 ·
546 2633 682 2688 Suetonius
694 2631 752 2686 hinc
762 2629 882 2685 Paulinus
894 2625 993 2682 biennio
1003 2628 1033 2674 4'

206 2730 340 2785 prosperas
360 2731 401 2767 res
421 2711 517 2776 habuit,
537 2710 648 2766 subactis
668 2707 819 2772 nationibus,
839 2704 994 2773 firmatisque

204 2787 331 2862 praesidiis
338 2811 346 2856 ;
373 2806 480 2860 quorum
503 2787 595 2843 fiducia
613 2787 719 2842 Monam
741 2785 856 2851 insulam,
875 2786 906 2836 ut
929 2780 995 2834 vires

205 2866 343 2921 rebellibus
355 2867 547 2930 ministrantem,
556 2881 698 2936 aggressus,
707 2867 780 2934 terga
791 2859 915 2916 occasioni
926 2861 996 2928 pate·

205 2943 278 2999 tecit.
314 2943 432 3014 Namque
450 2942 563 2999 absentia
577 2940 656 3013 legati
672 2943 769 2996 remoto
784 2945 863 3002 metu,
880 2933 997 2990 Britanni
1008 2931 1042 2986 15
1148 2981 1149 3000 ,
