2575 3592
170 466 189 503 A
210 464 231 503 D
247 463 290 511 ω]
342 398 594 448 HlSTORIARUM
613 398 665 447 111.
683 400 786 446 30-33.
916 398 962 447 125

167 514 296 576 tabatur3
312 528 360 565 nec
380 510 468 581 procul
487 511 555 565 cede
574 510 687 577 aberant,
707 527 766 565 eum
785 507 901 580 precibus
916 509 965 565 du·

169 610 231 646 cum
254 589 386 660 mitigatus
407 593 447 643 est
467 588 546 643 miles.
586 588 622 643 nt
643 592 746 643 vocatos
766 586 798 641 ed
818 586 988 641 correiouem2

167 667 302 723 Antonius
319 666 461 736 alloquitur,
480 666 611 735 magnifice
625 666 742 731 victores,
759 666 841 720 victos
861 664 966 719 clemen·

167 753 221 809 ter,
240 743 274 797 de
291 743 416 798 Cremona
432 742 461 797 in
477 747 606 797 neutrum.
640 743 785 807 Exercitus,
802 746 894 817 prepter
908 740 966 795 insi-

169 828 229 877 tam
240 820 370 891 predandi
386 818 537 890 cupidinem,
550 826 636 875 vetere
654 820 711 875 odio
723 819 756 874 ad
768 818 893 875 excidium
905 817 967 873 Cre·

169 898 334 955 monemium
345 896 471 951 incubuit.
507 898 527 951 J
527 897 611 953 usisse
626 901 713 969 partes
725 896 875 955 Vitellianas
888 894 990 951 ollae

169 978 214 1032 nis
227 993 328 1046 quoque
338 974 406 1029 bello
422 972 603 1042 credebantur3
622 994 681 1031 mox
699 974 918 1031 tertiadecimanos
936 971 969 1027 ad

171 1052 358 1110 exstmendum
374 1050 587 1121 amphitheatrum
602 1053 712 1119 relictos,
729 1056 759 1107 ut
776 1056 836 1107 sunt
854 1050 970 1123 procacia

175 1130 283 1187 urbane
300 1129 382 1201 plebis
400 1128 508 1199 ingenia,
526 1130 701 1200 petulantibus
719 1130 811 1201 jurgiis
829 1129 968 1185 illuserant.

172 1208 257 1265 Auxit
286 1206 410 1262 invidiam
437 1204 531 1261 editum
559 1207 611 1263 illio
634 1226 651 1261 a
678 1208 780 1263 Caeoina
802 1206 993 1277 gladiatorum

174 1284 360 1355 spectaculum,
373 1281 509 1352 eademque
520 1302 609 1339 rursus
625 1284 685 1340 belli
698 1284 778 1351 sedes,
790 1288 817 1339 et
833 1282 932 1355 proebiti
943 1282 971 1339 in

175 1362 231 1417 acie
255 1359 401 1415 Vitellianis
430 1360 486 1426 cibi,
511 1379 583 1415 eaesae
613 1362 728 1433 quadam
757 1360 856 1417 femine
886 1358 971 1415 studio

174 1438 290 1510 partium
302 1436 334 1493 ed
349 1436 462 1507 prelium
478 1456 628 1509 progressu.
664 1440 775 1510 Tempus
792 1456 892 1509 quoque
908 1456 972 1493 mer·

175 1520 252 1571 catus
276 1513 356 1569 ditem
378 1514 472 1587 alioqui
495 1516 620 1571 ‹mlonium
642 1517 767 1589 majorum
789 1533 865 1587 opum
889 1514 972 1585 specie

175 1591 329 1663 complebat.
365 1591 459 1647 Ceteri
476 1592 554 1648 duces
565 1594 594 1647 in
609 1593 734 1650 obscuro:
764 1594 906 1651 Antonium
921 1594 995 1649 lor-5

175 1674 244 1725 tuna
260 1669 377 1740 famaque
394 1670 507 1725 omnium
525 1671 606 1726 ocnbs
622 1676 782 1743 exposuerat.
817 1672 846 1727 Is
863 1670 974 1727 balineas

176 1746 304 1803 abluendo
316 1747 401 1802 cruori
415 1766 523 1818 propere
541 1748 614 1819 petit.
652 1750 768 1821 Excepta
784 1767 835 1804 vox
850 1752 898 1815 est,
915 1766 975 1803 cum

176 1829 293 1895 teporem
305 1824 442 1890 incusaret,
457 1826 571 1880 “statim
586 1827 704 1882 futurum
721 1830 752 1881 ut
768 1825 973 1883 incalescerent.”

177 1901 284 1957 Vernile
296 1900 393 1956 dictum
404 1920 505 1957 omnem
516 1902 637 1959 invidiam
649 1904 677 1959 in
688 1923 747 1960 eum
758 1904 844 1969 vertit,
853 1908 996 1975 tanquamd

179 1980 282 2054 signum
292 1980 456 2036 incendendo
468 1982 600 2038 Cremonae
611 1982 731 2049 dedisset,
744 2002 801 2055 qum
816 1984 869 2055 jem
884 1983 975 2053 flagre

180 2057 235 2111 bat.
271 2057 446 2129 Quadraginta
459 2063 615 2115 armatorum
630 2061 710 2116 millia
725 2061 847 2132 irrupere,
859 2060 975 2115 calonum
983 2063 1019 2117 33

181 2132 341 2205 lixummque
358 2135 464 2206 amplior
480 2155 609 2203 numerus,
623 2142 650 2193 et
667 2138 695 2193 in
712 2137 841 2193 libidinem
858 2154 888 2191 eo
906 2134 975 2190 saeri-

181 2210 247 2268 tiam
264 2213 413 2283 corruptior.
449 2214 511 2269 Non
528 2214 648 2285 dignitas,
666 2234 718 2271 non
738 2218 800 2270 aetss
817 2212 975 2285 protegebat,

181 2306 236 2359 quo
249 2288 333 2353 mimis
349 2294 439 2361 stupra
453 2291 572 2358 caedibus,
589 2292 670 2347 caedes
689 2292 784 2363 stupris
799 2291 975 2348 miscerentur.

183 2365 340 2421 Grandoeros
357 2385 438 2433 senes,
457 2373 547 2424 exacta
563 2374 639 2425 aetate
657 2370 770 2436 seminus,
787 2368 850 2424 viles
868 2367 900 2422 ad
915 2376 999 2440 pram

183 2442 250 2512 duur,
271 2444 299 2498 in
321 2443 459 2501 ludibrium
481 2446 624 2501 trabebant.
661 2447 715 2503 Ubi
735 2446 822 2501 adulte
840 2445 913 2518 virgo
932 2449 977 2501 aut

184 2520 242 2590 quis
259 2520 342 2576 forma
358 2522 510 2593 oonspiouus
527 2523 665 2589 incidisset,
685 2526 711 2579 vi
728 2523 894 2595 manibusque
911 2524 979 2596 rapi·

186 2597 283 2653 eutium
300 2598 416 2655 divulsus
432 2600 501 2671 ipsos
519 2604 647 2671 postremo
663 2600 803 2673 direptores
819 2600 847 2656 in
861 2604 978 2657 mutuam

186 2674 322 2744 permeiem
344 2675 445 2748 egebat.
487 2677 558 2732 Dum
580 2678 721 2749 pecuniam,
743 2678 784 2735 vel
806 2678 893 2750 gravia
916 2686 1000 2733 euros

186 2750 339 2821 templorum
353 2752 427 2819 dona,
444 2753 493 2809 sibi
510 2754 617 2827 quisque
632 2756 746 2823 trahunt,
763 2756 857 2829 majore
872 2756 979 2810 aliorum

185 2828 214 2883 vi
230 2828 421 2885 trrmeubnntnr.
456 2831 576 2898 Quidam,
589 2832 664 2887 obvia
681 2832 816 2905 aspernati,
832 2830 979 2888 verberibus

184 2906 372 2979 tommisqus
383 2907 543 2965 dominomm
555 2909 642 2965 abdita
650 2911 766 2975 scrutari,
774 2908 874 2964 defossa
883 2924 978 2962 emere.

185 2983 267 3041 Faces
291 2983 319 3041 iu
337 2985 462 3053 manibus,
483 3004 556 3059 quas,
575 2986 620 3042 ubi
642 2986 753 3057 predam
776 2985 929 3056 egesserant,
953 2982 1003 3037 'rus
