2575 3592
180 461 294 509 Lm]
366 399 657 447 HISTORIARUMI.
675 400 777 450 71-76.
936 401 967 449 41

179 512 298 576 obtinuit,
310 510 500 565 eonsulurit
448 515 500 565 met
501 511 608 566 rimonio
619 511 766 566 subnixaet
784 510 850 602 apud
863 501 970 568 Galbim

179 589 308 643 Othonem
319 587 450 643 Vitellium
462 589 547 654 iussa,
560 607 620 644 mox
630 594 723 661 potens
737 589 844 661 pecunia
860 594 886 644 et
874 590 969 645 torbi·

178 670 241 730 tate,
253 684 310 736 quae
323 666 394 720 bonis
405 665 527 736 malisque
539 665 696 737 temporibus
707 666 782 738 juxta
793 667 878 722 velent
866 670 886 721 t.

213 745 316 800 Crebrae
326 744 436 809 interim,
450 749 477 799 et
488 745 652 800 muliebribus
666 745 843 800 blandimentis
859 745 969 807 infecte.
980 742 1018 802 74

178 821 210 876 ab
223 822 325 877 Othone
337 821 370 876 od
381 821 513 876 Vitellium
525 822 637 894 epistolre
649 823 788 878 offerebant
799 823 930 896 peeunium
942 825 969 878 et

177 899 287 970 gratim
309 903 337 954 et
360 917 536 970 quemcunque
560 901 653 971 quietis
672 900 756 956 locum
779 900 891 972 prodigae
910 901 969 956 vitoe

176 976 291 1048 legisset.
334 977 411 1031 Paria
433 977 554 1032 Vitellius
577 977 731 1043 ostentabat,
756 978 836 1049 primo
860 978 994 1044 molliunt

177 1054 260 1108 stulta
281 1054 402 1124 utrinque
420 1057 447 1108 et
465 1054 585 1110 indeoora
601 1055 778 1110 simulatione:
808 1073 874 1121 mox,
897 1055 970 1126 quasi

176 1131 299 1196 rixantes,
312 1136 402 1202 stupra
413 1135 440 1186 et
453 1131 551 1203 flagitia
565 1132 593 1187 in
604 1132 684 1187 rioem
701 1131 867 1203 objectarem,
878 1137 970 1188 neuter·

176 1208 250 1266 faho.
280 1208 358 1274 Otho,
369 1209 493 1264 rerooatis
503 1227 566 1280 quos
575 1209 654 1264 Galba
662 1209 765 1273 miserat
772 1209 871 1281 legetis,
879 1215 993 1266 rursust

176 1285 241 1340 alios
250 1285 428 1356 odutrumqoe
436 1286 612 1342 Germanicum
620 1287 759 1342 exereitum
767 1291 793 1340 et
803 1285 834 1340 ed
844 1287 970 1358 legionem

175 1362 294 1418 Italicam
310 1381 404 1434 easque
415 1382 471 1434 qum
483 1362 605 1434 Lugduni
616 1363 725 1435 agebant
738 1363 822 1434 eopias
835 1365 918 1434 speeie
930 1383 970 1420 seu

175 1445 254 1494 notus
262 1441 338 1496 misit.
352 1441 445 1512 Legati
453 1441 520 1512 opud
527 1441 660 1496 Vitellium
668 1455 818 1506 remansere,
827 1442 994 1512 promptius*

176 1535 255 1588 quem
271 1521 302 1572 ut
319 1517 415 1573 retenti
430 1518 585 1573 riderentur.
620 1517 777 1584 Pretoriaui,
797 1536 862 1589 quos
879 1537 925 1590 per
936 1519 970 1574 si·

175 1594 341 1649 mulotionem
353 1595 427 1650 officii
436 1595 527 1666 legatis
535 1595 605 1650 Otho
616 1594 775 1665 adjunxerat,
788 1595 969 1670 remissiante

176 1690 255 1742 quam
268 1671 410 1743 legionibus
424 1672 598 1727 miseerentur.
625 1671 732 1726 Addidit
744 1671 863 1742 epistolas
876 1672 993 1728 Fabius&

176 1748 281 1814 Valens,
302 1749 404 1804 nomine
422 1750 566 1804 Germanioi
586 1748 722 1814 exereitus,
742 1748 774 1803 ad
793 1749 924 1820 praetorios
943 1755 970 1805 et

176 1825 287 1881 urbanas
299 1825 470 1891 cohortes,'de
481 1825 577 1882 viribus
589 1825 699 1897 partium
716 1827 861 1898 magnificas
873 1831 899 1882 et
912 1845 969 1882 eon·

176 1903 289 1958 sordium
304 1903 446 1959 offerentes.
487 1903 639 1974 increpabat
656 1903 725 1958 ultro
742 1903 809 1974 quod
821 1907 894 1958 tanto
910 1909 993 1960 entes

175 1980 301 2035 traditum
324 1980 430 2036 Vitellio
452 1981 586 2052 imperium
610 1979 643 2035 ed
666 1980 795 2036 Othonem
823 1982 969 2037 vertissent.

176 2058 220 2112 Ita
227 2057 357 2129 promissis
369 2058 445 2112 simul
457 2075 487 2113 ue
498 2057 574 2112 minis
585 2057 759 2124 tentabantur,
773 2061 803 2113 ut
815 2058 881 2114 bello
893 2059 970 2130 impe
979 2065 1015 2123 75

175 2154 225 2200 res,
238 2135 266 2190 in
277 2151 338 2205 paee
349 2135 413 2190 nihil
424 2134 549 2189 amissuri
584 2135 677 2206 Neque
692 2134 750 2190 ideo
761 2137 971 2206 pretorianorum

176 2211 241 2266 tides
257 2215 364 2266 mutata
401 2211 452 2266 Sed
471 2210 632 2267 insidiatores
651 2210 683 2266 eb
699 2211 802 2266 Othone
819 2211 847 2266 in
867 2212 993 2271 Germe-2

175 2290 252 2353 mam,
265 2307 282 2342 a
292 2288 397 2343 Vitellio
412 2288 440 2343 in
451 2287 540 2344 urbem
551 2288 630 2343 missi.
667 2289 792 2359 Utrisque
804 2287 901 2343 frustra
911 2289 969 2355 luit,

179 2365 320 2420 Vitellianis
332 2366 442 2436 impone,
453 2383 500 2436 per
515 2369 613 2420 tantam
629 2365 761 2420 homiuum
780 2365 970 2420 multitudinem

175 2448 267 2498 mutue
282 2442 426 2513 ignorantia
441 2441 600 2498 fallentibus:
626 2441 766 2498 Othoniani
782 2443 896 2498 novitate
914 2443 969 2499 vul·

175 2524 226 2585 tus,
239 2519 358 2575 omnibus
370 2520 398 2574 in
408 2519 490 2574 rieem
501 2519 595 2590 gnaris,
608 2519 788 2590 prodebantur.
807 2521 928 2576 Vitellius
939 2521 990 2578 lta

174 2601 244 2652 teras
260 2596 292 2650 ud
304 2596 434 2652 'litianum
450 2596 556 2651 fratrem
572 2596 683 2653 Othonis
699 2598 848 2670 eomposuit‚
861 2599 968 2654 exitium

144 2675 147 2681 '
174 2674 224 2743 ipsi
238 2674 342 2745 lilioque
358 2674 415 2744 ejus
431 2673 559 2738 minitans,
576 2674 604 2728 ni
620 2674 758 2730 incolumes
776 2675 824 2730 sibi
842 2679 923 2730 meter
939 2693 969 2731 eu

174 2751 424 2805 liberiservurentur.
460 2749 991 2822 Etstetitdomusutraque,subOthones

173 2828 302 2882 incertum
317 2846 350 2882 an
367 2832 455 2882 metu:
473 2827 594 2882 Vitellius
612 2828 695 2882 riotor
706 2829 846 2884 clementie
863 2827 968 2898 gloriam

174 2905 243 2961 tulit.
281 2905 382 2960 Primus
395 2905 492 2960 Othoni
503 2905 622 2961 fiduciam
637 2905 735 2960 addidit
747 2924 779 2960 ex
790 2904 894 2974 Illyrico
906 2921 968 2957 nuu-
977 2911 1013 2966 76

173 2983 235 3050 tius,
247 2983 352 3055 jurasse
366 2984 393 3038 in
404 3001 464 3038 eum
475 2982 610 3039 Dalmatio
626 3001 657 3038 ue
673 2982 810 3038 Pannoniae
827 2984 854 3036 et
871 2979 969 3034 Moesie
