2575 3592
306 406 338 453 0⁰
638 404 760 453 TACITl

937 464 971 512 [A.
981 463 1008 503 U
1018 463 1042 503 0.
1051 463 1098 503 822.

304 512 400 569 mirari
435 513 472 569 Et
482 515 556 569 eraut
567 531 630 585 quoe
642 514 712 569 varia
726 514 779 569 fors
797 531 881 569 rerum
898 512 1059 582 lacrimuque
1070 524 1099 566 et

284 590 477 645 omiserimrdia
496 590 601 647 subiret
637 594 675 647 At
695 609 747 647 uon
767 590 886 647 Vitellius
905 590 977 645 flexit
1000 588 1099 653 oeulos,

306 686 354 723 nee
369 671 410 723 tot
426 666 504 721 millia
518 667 745 738 insepultorum
724 668 817 723 orvium
834 667 973 723 exhorruit.
1009 667 1100 721 Iamtus

306 744 346 799 ult
334 749 382 809 tro,
407 752 434 799 et
456 748 510 799 tam
533 745 681 817 propinqua
703 746 780 801 sortia
802 745 914 817 ignarus,
938 743 1101 799 immutabat

307 839 406 876 anorum
418 820 457 875 dis
468 820 525 877 loni

264 892 298 952 71
341 897 409 954 Exin
420 898 540 955 Bononia
551 898 656 955 aFabio
668 899 777 955 Valente
788 898 957 971 gladiatorum
968 901 1102 969 speotaeu·

306 974 360 1029 lum
373 973 466 1041 editur,
483 974 589 1032 advento
604 992 637 1031 ex
653 975 716 1031 urbe
732 976 811 1033 uultu.
847 976 1003 1045 Quantoque
1017 972 1102 1045 magis

307 1014 499 1123 propinqualiat
515 1056 589 1108 tanto
604 1053 749 1124 oorruptiue
764 1054 821 1119 iter,
834 1052 956 1109 immixtis
970 1051 1103 1107 histrioni-

307 1127 356 1183 bus
373 1133 401 1183 at
418 1127 557 1200 spadonum
574 1130 694 1202 gregibus
712 1134 739 1185 et
755 1134 847 1187 oraturo
865 1128 1019 1185 Neronianae
1037 1127 1103 1183 aula

286 1205 417 1277 tingenio.
452 1205 571 1276 Namque
582 1210 608 1263 et
620 1207 750 1263 Naronem
767 1206 851 1278 ipsum
863 1206 983 1261 Vitellius
995 1204 1104 1259 admira-

308 1281 378 1339 tione
394 1281 544 1348 oelebrabat,
562 1284 655 1339 saotari
670 1288 815 1341 enatantem
829 1283 929 1349 solima
948 1300 1000 1337 non
1013 1298 1104 1337 neces·

309 1358 393 1424 sitate,
408 1378 459 1430 qua
474 1360 668 1419 honmtissimus
684 1360 800 1432 quisque,
817 1359 862 1417 aed
878 1360 941 1415 luxu
959 1364 987 1414 at
1004 1358 1104 1429 ιιιείιιιι

286 1436 466 1507 emancipatus
477 1440 635 1507 emptasque.
672 1438 711 1493 Ut
723 1437 826 1493 Valenti
844 1441 871 1491 et
883 1436 989 1491 Caenina
1006 1453 1104 1490 vacuos

309 1513 412 1569 honoris
427 1532 527 1569 menaea
543 1514 661 1585 aperiret,
681 1514 803 1571 ooarotati
821 1514 927 1569 aliorum
945 1511 1103 1576 oonsulutus,

309 1590 483 1646 dissimulatus
495 1590 588 1645 Maroii
599 1590 690 1658 Mauri,
698 1594 820 1662 tauquam
832 1589 1033 1645 Othonianarum
1045 1606 1105 1659 par·

309 1667 374 1721 tium
386 1666 474 1733 duois3
492 1670 520 1721 et
532 1666 662 1723 Valerium
676 1667 807 1723 Marinum
823 1666 978 1721 destinatum
995 1683 1011 1721 a
1023 1664 1107 1721 Galba

309 1743 439 1799 oonsulem
456 1742 564 1810 distulit,
576 1743 647 1802 nulla
664 1745 766 1809 offensa,
780 1744 825 1801 aed
839 1744 927 1800 mitem
942 1746 969 1798 et
984 1741 1106 1813 injuriam

288 1819 423 1891 stegnitet
440 1819 559 1875 laturum.
594 1820 722 1877 Pedanius
737 1821 817 1877 Gustu
832 1820 968 1887 omittitur,
986 1819 1106 1890 ingratus

310 1895 425 1967 principi,
437 1900 468 1954 ut
483 1894 604 1953 dvorsus
616 1897 746 1953 Neronem
757 1916 843 1964 ausus,
856 1901 883 1953 et
895 1895 1012 1967 Verginii
1027 1896 1107 1951 exsti-

310 1972 436 2027 mulatur:
460 1971 506 2027 aed
521 1972 582 2028 alias
602 1974 709 2043 protulit
727 1992 824 2031 musas.
859 1975 982 2044 Aotaeque
999 1972 1107 2044 insuper

310 2049 414 2105 Vitellio
426 2049 522 2120 gratia,
535 2051 717 2107 eonsuetudina
729 2052 833 2107 servitii

267 2130 303 2190 72
345 2126 407 2183 Nou
417 2126 487 2181 ultra
497 2144 591 2197 pauooa
603 2126 665 2192 dies,
678 2146 821 2199 quanquam
832 2126 932 2183 aeribus
946 2125 1027 2181 initiis
1038 2143 1106 2197 ooep·

309 2209 374 2271 tum,
381 2202 539 2259 mendnoinm
546 2203 634 2259 valuit.
648 2204 790 2260 Exstitorat
799 2203 901 2276 quidun
913 2202 1106 2259 Soribonianurn

310 2300 337 2336 se
349 2282 510 2337 Camerinum
521 2280 613 2346 serena,
626 2280 829 2337 Neronianorum
840 2286 982 2353 temporum
993 2284 1067 2335 metu
1078 2281 1107 2333 in

310 2358 412 2413 Histria
428 2357 592 2423 oooultatum,
610 2357 679 2428 qnod
696 2358 747 2413 illio
767 2358 889 2414 clientela
909 2363 936 2413 et
956 2358 1012 2427 agri
1033 2362 1106 2413 vate-

289 2442 368 2491 trum
380 2435 531 2490 Crassorum
543 2452 573 2489 ao
584 2434 693 2489 nominis
710 2434 782 2490 fauor
797 2434 923 2491 manebat.
959 2434 1045 2505 Igitur
1060 2432 1106 2489 de-

310 2512 414 2567 terrimo
430 2529 531 2582 qnoqne
547 2511 575 2565 in
590 2517 769 2581 argumentum
784 2511 876 2567 labala
892 2516 1031 2581 assumpto,
1048 2510 1107 2565 vul·

310 2606 359 2659 gus
376 2586 507 2643 credulum
524 2592 551 2642 et
568 2587 670 2658 quidam
688 2588 804 2657 militum,
818 2606 903 2645 errore
917 2588 971 2643 veri
986 2605 1032 2643 sau
1049 2592 1107 2643 tur-

310 2665 400 2719 barum
416 2661 509 2728 studio,
522 2665 637 2719 nemetim
652 2666 873 2736 aggregabuntur3
891 2682 949 2720 oum
960 2668 1105 2735 pertractus

310 2740 343 2795 ad
354 2739 496 2803 Vitellium
508 2738 731 2811 interrogatusque
743 2742 859 2812 quisnam
871 2741 1016 2797 mortalium
1027 2746 1106 2801 asset

310 2821 446 2886 postquam
464 2814 535 2869 nulla
554 2814 629 2871 diotis
650 2816 713 2871 fides
733 2822 760 2872 ot
781 2836 797 2873 a
819 2817 921 2873 domino
944 2815 1105 2875 nosoebatrm

310 2891 454 2949 conditione
466 2890 599 2961 fugitivus,
610 2893 712 2950 nomine
729 2894 801 2960 Geta,
814 2898 944 2965 sumptum
960 2892 992 2949 ule
1003 2911 1034 2949 oo
1045 2911 1107 2964 sup·

310 2967 413 3039 plieium
423 2967 451 3029 in
462 2966 579 3026 undem
589 2967 699 3025 modum
