2575 3592
300 513 397 586 agitare
419 510 488 568 inter
506 529 535 566 se
554 510 621 566 mela
639 511 779 576 servitutis,
800 509 915 577 conferre
927 457 1089 580 tiiijliiidsudt

300 587 490 660 interpretando
501 587 644 644 accendere.
680 587 753 644 Nihil
765 587 852 658 profici
866 587 989 658 patientia
999 588 1050 644 nisi
1059 591 1090 642 ut

300 668 423 738 gmriora,
444 670 565 737 tanquam
584 684 617 722 ex
638 665 708 720 facili
727 661 903 729 tolerantibus,
924 663 1089 736 imperentur.

279 742 419 814 congruos
437 741 485 798 sibi
502 742 562 798 olim
581 761 655 814 reges
673 741 759 810 fusse,
777 759 845 796 nunc
863 739 935 798 binos
954 741 1060 812 imponi,
1076 760 1091 796 e
1135 781 1136 826 p

300 819 393 892 quibus
400 818 499 892 legatus
508 819 536 874 in
543 819 699 892 sanguinem,
709 826 857 890 procreator
866 819 893 873 in
904 817 970 874 bona
981 819 1090 874 saevirm

299 897 383 968 AEqne
395 894 544 952 discordiam
558 895 759 970 prepositomm,
770 913 842 968 seque
858 893 1018 958 concordium
1034 894 1092 950 sub-

297 973 373 1045 jectis
388 972 528 1028 exitiosam.
563 971 677 1028 Alterius
694 989 783 1029 manus
799 971 970 1038 centuriones,
986 971 1092 1026 ulterius

277 1059 386 1107 dserros
402 1050 455 1104 rim
474 1053 501 1103 et
522 1048 688 1106 contumelias
709 1049 822 1106 miscere.
859 1047 931 1102 Nihil
945 1047 1000 1118 jam
1022 1048 1092 1120 cupi·

298 1125 456 1191 ditatinibil
466 1125 563 1185 libidini
575 1130 719 1197 exceptum.
756 1127 789 1184 In
798 1125 884 1196 praelio
893 1125 1092 1182 tortioremesse

298 1203 343 1276 qui
358 1202 465 1274 spoliet:
489 1220 558 1259 nunc
575 1201 606 1258 ab
622 1203 721 1274 ignum
738 1199 885 1276 plerumque
903 1206 929 1258 et
946 1201 1092 1257 imbellibus

298 1277 362 1352 eripi
371 1277 467 1345 domos,
479 1278 593 1339 abstrahi
608 1279 708 1344 liberos,
720 1279 820 1352 injungi
834 1277 955 1344 delectus,
968 1283 1092 1353 tunquam

275 1358 362 1416 tmori
372 1361 474 1414 tantum
485 1374 531 1427 pru
542 1357 625 1427 petria
636 1355 814 1414 nescientibus.
850 1355 1014 1416 Quantulum
1026 1357 1092 1411 eninr

297 1435 418 1498 transisse
433 1433 550 1501 militum,
562 1432 585 1494 si
596 1452 653 1491 sese
668 1433 785 1492 Britanni
801 1433 954 1500 numerent?
974 1433 1018 1490 Sic
1031 1434 1092 1488 Ger·
1137 1457 1138 1550 1

296 1511 393 1568 munias
408 1510 548 1585 excussisse
561 1506 667 1584 jugum:
693 1513 720 1566 et
735 1509 844 1580 flumine,
861 1527 913 1564 non
928 1509 1033 1564 Ocesno
1048 1509 1092 1566 de
1137 1581 1138 1584 Ἰ

297 1587 374 1644 tendi
410 1585 464 1642 Sibi
477 1587 593 1658 putrium,
607 1589 737 1666 conjuges,
754 1591 879 1658 parentes,
891 1586 941 1642 illis
957 1587 1092 1642 arandam
1137 1585 1138 1610 ³

273 1670 323 1722 oet
343 1664 468 1720 luxuriam
488 1682 577 1719 causas
597 1663 657 1721 belli
677 1682 741 1722 esse.
777 1663 940 1728 Recessuros‚
963 1667 994 1716 ut
1016 1663 1092 1720 dirim

295 1741 383 1796 Jirlius
406 1741 560 1806 recessisset,
585 1739 661 1796 modo
684 1740 805 1799 virtutem
833 1740 957 1812 majorum
984 1757 1091 1796 suorum

296 1817 481 1877 simularentur.
517 1817 591 1872 Neve
614 1817 695 1888 prelii
717 1817 793 1873 nnius
816 1820 863 1876 aut
886 1817 993 1872 alterins
1017 1836 1091 1874 eren-

294 1898 327 1950 tn
345 1897 525 1965 pavescerent:
551 1893 609 1965 plus
632 1894 753 1966 impetus,
775 1897 896 1964 maiorem
919 1895 1091 1950 constantiam

272 1989 371 2042 apenos
399 1971 504 2026 miseros
528 1989 592 2027 esse.
639 1971 699 2030 Jem
721 1970 903 2027 Britannorum
926 1971 1007 2026 etism
1031 1970 1093 2026 deos

294 2048 415 2113 misereri,
434 2047 478 2120 qui
497 2047 641 2111 Romanum
660 2047 749 2104 ducem
771 2047 909 2112 absentem,
931 2047 976 2120 qui
996 2047 1091 2120 relegu-

294 2130 351 2180 tum
368 2125 397 2180 in
415 2125 463 2182 elia
481 2125 566 2181 insula
585 2124 727 2181 exercitum
746 2123 908 2189 detinerent;
934 2124 986 2195 jam
1013 2125 1089 2196 ipsos,

297 2203 365 2274 quod
382 2202 554 2258 difficillimum
571 2202 656 2266 suerit,
669 2200 815 2256 deliberare.
851 2201 930 2268 Porro
942 2199 971 2256 in
982 2202 1091 2274 ejusmo-

297 2280 324 2334 di
341 2280 451 2336 consiliia
469 2278 635 2352 periculosius
656 2296 713 2333 esse
728 2277 880 2349 deprehendi
896 2295 973 2350 quum
988 2278 1091 2334 undere

256 2356 350 2422 16His
373 2361 450 2427 atque
473 2355 566 2412 talibus
591 2355 698 2412 invicem
716 2354 838 2422 instincti,
856 2353 994 2419 Boudioea,
1016 2374 1093 2428 gene·

228 2431 334 2486 suurn
350 2433 414 2503 regii
431 2433 531 2502 lemine,
543 2432 614 2498 duce,
628 2433 719 2503 (neque
740 2431 806 2486 enirn
825 2449 912 2488 sexum
931 2431 959 2486 in
977 2430 1093 2504 imperiis

229 2493 283 2581 ἓξ,
298 2507 464 2576 discernunt)
480 2527 610 2580 sumpsere
626 2508 738 2564 universi
755 2507 866 2573 bellum;
883 2525 913 2562 ac
927 2525 1032 2578 sparsos
1047 2527 1094 2580 per

245 2589 275 2631 ⁰¹·
296 2584 399 2639 castella
413 2585 505 2640 milites
523 2585 670 2652 consectati,
688 2585 841 2657 expugnatis
857 2583 992 2654 presidiis,
1009 2585 1094 2656 ipsum

294 2661 416 2716 coloniam
434 2661 547 2716 invasere
563 2669 594 2718 ut
612 2661 698 2721 sedem
714 2662 853 2721 servitum.
889 2659 946 2720 Neo
963 2661 1050 2718 ullum
1067 2664 1093 2718 in

268 2737 405 2795 tharberis
417 2737 520 2794 sevitio
532 2758 613 2810 gemm
625 2739 713 2796 omisit
725 2740 762 2794 ira
774 2743 801 2797 et
810 2738 923 2794 victoria
960 2737 1093 2798 Quodnisi

291 2812 421 2882 Paulinus,
433 2813 535 2883 cognito
549 2815 685 2884 pmvinciae
701 2820 780 2882 motu,
793 2833 900 2886 propere
917 2814 1090 2884 subvenisset,

290 2887 383 2942 emissa
405 2889 538 2944 Britannia
561 2890 643 2957 foret;
674 2911 750 2963 quarn
773 2893 850 2948 unius
879 2891 959 2966 praelii
982 2893 1091 2968 fortuna

290 2962 371 3016 veteri
390 2963 519 3033 patientie
536 2965 659 3032 restituit,
679 2965 838 3038 (tenentibus
859 2986 928 3024 arma
946 2969 1086 3044 plerisque
