2575 3592
198 487 216 527 Δ
236 486 315 536 Mt]
382 422 632 473 Hlsrortlsltusr
650 425 686 471 ll·
704 426 805 473 88-92.
940 428 982 475 lot

197 537 301 609 Vulgus
310 540 405 600 tenen,
416 552 523 591 nonum
535 534 611 598 eruis,
626 538 655 589 et
671 534 725 589 sine
741 534 799 590 fulsi
816 536 919 607 verique
934 536 1007 593 dis-2

195 614 303 669 uimine
314 612 401 668 solitus
412 612 569 667 sdulrtiones
581 610 708 677 edoctum,
720 612 826 668 olsmore
838 618 865 668 et
881 614 984 669 vooibus

195 689 380 761 sddrewbem
396 689 568 760 abnuentique
590 706 684 743 nomen
705 690 817 761 Augusti
841 708 985 762 expressero

194 772 228 823 ut
248 770 396 832 assumeret,
417 771 473 821 turn
490 766 589 820 trrrstrs
606 784 683 836 quoru
705 772 873 823 reoussrerst.
909 769 1027 840 Apud91

194 844 333 910 eivitstssn,
353 846 447 899 ennete
463 843 679 914 interpretantem,
700 843 796 899 funesti
817 844 908 899 ominis
929 845 985 901 loeo

194 926 328 992 sooepturn
350 924 399 986 est,
426 920 494 991 qnod
516 920 653 975 marinum
675 921 850 991 pontilieotum
874 922 984 993 adeptus

193 998 318 1053 Vitellius
328 997 516 1054 deoaedmoniis
523 998 630 1069 publicis
642 997 702 1051 XV,
719 996 847 1054 Knlendss
854 1000 985 1071 Augustus

192 1075 324 1141 edixisset,
337 1075 478 1146 antiquitus
489 1074 601 1129 iniousto
612 1074 653 1129 die
661 1076 820 1131 Cremerensi
827 1075 983 1148 Alliensique

193 1151 317 1207 elndibus
352 1151 425 1207 Adeo
440 1151 521 1206 omnis
535 1151 639 1206 bumuui
657 1150 784 1221 divinique
803 1152 868 1223 juris
885 1160 1006 1225 experet

193 1228 252 1299 puri
267 1228 422 1294 libertorum,
441 1228 577 1283 smioorum
592 1226 714 1295 sooordis,
731 1227 801 1282 velut
820 1228 890 1284 inter
902 1234 983 1287 tornu-

193 1304 280 1360 lentos
295 1304 394 1376 sgebst.
430 1304 481 1360 Sed
495 1304 598 1359 sumitis
614 1303 746 1359 oonsnlum
765 1322 823 1359 oum
842 1306 984 1362 medidatio

193 1380 307 1436 civiliter
325 1381 460 1446 eolebrons,
480 1399 581 1437 omnem
597 1381 690 1437 infime
705 1380 785 1452 plebis
801 1400 935 1449 rumorem,
956 1384 984 1439 in

194 1457 300 1512 thestro
322 1461 354 1512 ut
376 1462 511 1529 speotstor,
534 1464 563 1517 in
585 1459 653 1515 oiroo
676 1463 707 1516 ut
729 1462 821 1525 lsuwr,
848 1460 982 1515 affectavit.

196 1534 266 1593 Qun
289 1539 362 1605 gratu
383 1552 444 1589 sune
466 1540 496 1590 et
516 1536 653 1606 populeris,
678 1538 701 1593 si
724 1556 740 1593 s
761 1536 899 1593 virtutibus
926 1553 1006 1608 pros

195 1610 376 1677 timerentur,
399 1611 521 1666 memorio
543 1612 602 1668 site
625 1614 716 1684 prioris
738 1613 856 1669 indeeors
875 1617 902 1669 et
924 1613 984 1668 vilis

194 1687 391 1758 accipiebantur.
428 1688 579 1744 Ventitsbst
607 1690 635 1744 in
666 1695 789 1756 senatum,
820 1690 896 1746 etism
925 1708 983 1745 oum

193 1765 281 1835 porris
291 1764 324 1820 de
335 1765 411 1821 rebus
422 1769 507 1835 potres
519 1766 717 1824 oonsolerentur.
752 1768 869 1824 Auferte
881 1767 1006 1823 Prisoust

193 1841 341 1908 Helvidius,
363 1845 460 1913 praetor
486 1841 642 1915 designatus,
670 1848 758 1901 contro
787 1844 900 1901 studium
927 1844 983 1916 ejus

193 1924 337 1975 oonnuerst
384 1918 533 1974 Oommdus
555 1922 638 1991 primo
666 1922 793 1990 Vitellius,
819 1940 871 1977 non
897 1926 984 1977 umen

192 1995 265 2049 ultre
274 2014 351 2067 qnsm
361 1995 477 2051 tribunos
487 1996 568 2067 plebis
578 1997 606 2052 in
617 1998 737 2054 auxilium
750 2003 841 2071 spreto
849 1998 983 2070 potestatis

193 2072 335 2127 sdsooorit.
370 2072 436 2127 Mox
468 2073 645 2144 mitigantibus
673 2076 766 2144 uniois,
796 2076 839 2147 qui
869 2076 1004 2130 altioremt

192 2148 349 2203 iruonndinrn
369 2149 427 2220 ejus
448 2149 609 2219 serebantur,
626 2152 690 2207 nihil
712 2153 772 2207 novi
795 2152 922 2218 recidisse,
945 2170 983 2207 re·

193 2224 307 2295 spondit,
318 2225 385 2297 qnod
397 2225 448 2280 dno
459 2230 590 2282 senatores
606 2228 634 2282 in
645 2247 674 2283 re
685 2228 786 2299 publius
802 2228 964 2283 dissentirent
975 2248 982 2292 ;

192 2301 300 2357 solitum
309 2320 339 2357 se
356 2302 433 2357 etism
448 2302 566 2358 Thrnseoe
577 2304 756 2361 oontrudioere.
792 2305 898 2360 irrisere
910 2304 1004 2375 pleri-6

192 2397 246 2449 quo
255 2378 438 2450 impudentium
449 2380 616 2435 simuletionis
624 2404 632 2447 ;
651 2382 706 2437 aliis
720 2382 841 2452 idipsum
859 2381 980 2453 plsoebst,

192 2454 265 2525 quod
285 2456 410 2511 nendnern
433 2474 465 2511 ex
488 2457 695 2528 prepotentibus,
719 2458 764 2514 sed
780 2458 925 2525 Thrssesrn,
950 2460 982 2515 ud

192 2533 321 2603 exemplar
336 2550 403 2588 vern
418 2532 504 2605 glorio
519 2534 632 2606 legisset.
669 2536 842 2607 Proposuerat
854 2537 1026 2609 pretoria-92

193 2609 235 2663 nis
254 2609 373 2665 Publium
392 2609 521 2676 Sabinum,
538 2629 555 2665 s
573 2612 724 2683 prefectum
744 2613 862 2680 cohortis,
885 2614 982 2669 iulium

194 2685 310 2741 Prisoum
332 2690 389 2741 turn
404 2688 596 2744 centurionem:
615 2690 719 2745 Priscus
736 2690 861 2759 Valentis,
874 2691 981 2747 Sabinus

194 2762 301 2817 Gneisse
312 2764 396 2835 gretie
406 2763 541 2835 pollebunt.
577 2766 651 2821 Inter
662 2764 790 2823 dissordes
802 2768 907 2824 Vitellio
918 2768 1003 2825 nihils

192 2840 362 2896 auctoritatis„
397 2840 490 2895 Musis
500 2842 599 2913 imperii
610 2843 713 2899 &sins
722 2863 751 2900 so
762 2844 857 2899 Valens
869 2843 979 2909 obibunt,

191 2916 255 2972 olim
265 2917 335 2973 mii
350 2918 423 2983 odiis,
436 2936 493 2988 qus
507 2919 574 2975 bello
590 2924 619 2976 et
634 2921 725 2980 eastris
742 2922 808 2976 mele
825 2919 982 2975 dissimulata
1088 2972 1090 2975 .

190 2995 305 3067 pruritus
331 2996 470 3053 miseruut
495 3000 523 3054 et
551 2999 661 3054 fecunda
687 2998 821 3071 gignendis
844 2996 982 3051 inimicitiis
