2575 3592
182 478 202 514 A
221 474 241 513 n
258 472 300 521 w]
359 408 608 457 HISTORIARUM
626 408 670 457 IV.
687 411 791 457 52-55.
931 409 975 457 191

180 524 290 593 aurique
302 520 380 592 stipes
393 524 419 576 ct
433 520 591 575 metallorum
605 520 730 589 primitia,
743 518 819 574 nullis
832 518 976 574 fornacibus

180 601 267 664 victae,
288 598 383 653 sedat
407 597 555 669 gignuntur.
591 596 736 652 Praedixere
758 596 922 666 Haruspices,
943 603 1001 650 net

180 680 351 733 temeraretur
363 692 427 745 opus
439 692 501 728 saxo
518 690 618 738 aurove,
630 673 659 728 in
676 673 745 728 aliud
761 673 896 727 destinato.
931 672 976 727 Al-

181 752 269 808 titudo
281 750 376 806 sedibus
393 750 500 821 adjecta
535 749 567 803 ld
584 749 667 804 solum
682 750 770 823 religio
787 767 904 805 annuere.
940 750 976 805 Ilt

180 828 276 901 prioris
288 828 376 899 templi
388 827 579 898 magnificentie
591 826 702 882 defuisse
713 827 845 882 creditum

220 904 317 959 Audita
333 904 436 959 interim
453 922 499 975 per
517 903 610 958 Gallias
630 904 826 975 Germaniasque
843 921 912 958 mors
929 902 974 957 Vi·
985 903 1023 958 54

179 982 247 1037 tollii
272 981 442 1053 duplicaverat
467 981 567 1037 bellum.
604 980 673 1035 Nam
695 981 791 1046 Ciuilis,
811 981 905 1036 cmmsa
924 979 976 1035 dis-

180 1058 351 1123 simulatione,
367 1059 395 1113 in
412 1058 537 1129 Populum
557 1058 702 1113 Romanum
718 1076 799 1113 ruere.
833 1057 976 1113 Vitelliam

180 1136 297 1204 legiones
315 1135 356 1190 vel
379 1139 511 1191 externum
532 1135 670 1200 servitium,
695 1152 771 1206 qnam
793 1134 976 1205 Imperatorem

181 1214 376 1284 Vespasianum,
389 1214 470 1269 malle.
507 1213 572 1269 Galli
586 1213 742 1268 scaturierunt
754 1212 858 1277 animos,
870 1212 1000 1269 candent

180 1290 279 1361 ubique
299 1292 455 1346 exercituum
474 1296 619 1346 nostrorum
640 1291 769 1345 fortunam
788 1289 853 1344 rati:
871 1290 976 1361 vulgato

180 1384 293 1431 rumore,
318 1386 334 1421 a
357 1368 478 1423 Sumatis
501 1368 629 1439 Dacisque
652 1367 760 1422 Musica
782 1384 812 1421 ac
831 1367 977 1422 Pannonica

180 1443 290 1498 hiberna
309 1444 485 1499 circumsideri.
520 1444 596 1499 Paria
611 1444 642 1499 de
660 1443 793 1499 Britannia
806 1443 975 1515 fingebantur.

183 1518 237 1575 Sed
256 1520 319 1575 nihil
342 1539 419 1593 aque,
443 1540 518 1593 quam
540 1521 684 1577 incendium
707 1520 825 1593 capitolii,
849 1524 880 1575 ut
900 1521 1000 1579 finems

182 1596 296 1667 Imperio
315 1596 402 1653 adesse
421 1598 559 1664 crederent,
579 1598 722 1670 impulerat.
757 1598 866 1667 Captum
885 1597 976 1652 olima

183 1674 264 1729 Gallis
282 1675 385 1731 urbem:
404 1676 456 1741 sed,
478 1676 579 1748 integra
598 1676 671 1731 Jovis
694 1674 761 1740 sede,
782 1674 905 1729 mansisse
924 1674 975 1729 lm·

181 1752 289 1823 parim.
324 1752 407 1809 Patali
420 1771 488 1809 nunc
504 1754 564 1826 igne
580 1752 681 1825 signnm
696 1752 804 1809 caleatis
819 1752 864 1807 ira
879 1752 975 1814 datum

180 1832 208 1883 et
229 1830 413 1899 possessionem
432 1848 517 1885 renim
536 1831 703 1886 humauamm
723 1828 894 1901 lbansalpinis
914 1848 975 1901 gen·

179 1906 251 1963 tibus
274 1907 399 1979 portendi,
423 1908 602 1979 superstitione
624 1927 690 1965 uana
712 1907 817 1964 Druidae
840 1906 972 1966 canebant.

179 1982 374 2055 Incesaeratquc
399 1984 473 2050 fama,
498 1986 619 2055 primores
645 1985 789 2051 Galliarum,
814 1986 847 2040 ab
871 1984 999 2040 Othone4

180 2058 302 2115 adversm
328 2061 461 2117 Vitellium
486 2062 584 2122 missos.
612 2067 747 2133 antequam
772 2062 971 2133 digrederentur,

180 2136 315 2207 pepigisse,
332 2157 363 2195 ne
379 2139 496 2195 deessent
513 2138 632 2205 libertati,
649 2139 672 2193 si
687 2138 813 2209 Populum
829 2140 974 2194 Romanum

180 2214 303 2269 continua
319 2215 441 2271 bellorum
459 2216 569 2272 civilium
586 2216 664 2272 series
681 2220 708 2271 et
725 2215 826 2271 interna
841 2216 907 2270 mals
924 2217 973 2270 fre

178 2290 288 2362 mment.
324 2294 392 2349 Ante
403 2293 487 2349 Flacci
504 2292 644 2349 Hordeonii
660 2292 761 2357 cadem,
774 2291 837 2347 nihil
848 2292 971 2363 prompit,
982 2300 1020 2353 55

178 2386 232 2440 qno
259 2370 400 2439 conjuratio
423 2370 614 2442 intelligeretur.
649 2370 791 2425 Interfecto
816 2368 972 2436 Hordeonio,

178 2462 352 2501 commeavere
372 2448 456 2502 uumtii
473 2448 540 2503 inter
561 2446 667 2503 Civilem
688 2446 884 2518 Classicumque,
904 2447 972 2503 Prie-

177 2521 275 2577 ieetum
285 2522 331 2579 alu
342 2522 515 2579 lbeverorum.
552 2523 678 2579 Classicus
689 2523 822 2579 nobilitate
830 2522 972 2597 opibusque

178 2604 240 2653 aute
256 2600 326 2656 alios.
362 2600 474 2673 Regium
490 2600 528 2656 illi
544 2618 624 2673 geum
642 2604 669 2655 et
692 2618 754 2671 pace
771 2600 886 2673 belloque
903 2601 972 2657 clara

177 2675 259 2746 origo.
295 2676 356 2748 Ipse
376 2697 391 2733 e
411 2676 547 2748 majoribus
571 2676 623 2732 suis
644 2676 727 2733 hostis
750 2677 842 2749 Populi
862 2678 971 2734 Romani

178 2770 254 2825 quam
272 2754 363 2823 socius,
376 2754 497 2827 jactabat.
532 2754 661 2810 Miscuere
677 2773 732 2811 sese
747 2755 832 2810 Julius
847 2756 929 2810 Tutor
944 2758 998 2813 ets

176 2829 265 2885 Julius
280 2830 402 2887 Sabinus:
420 2832 462 2887 hic
477 2832 573 2898 meru,
585 2831 627 2887 bic
642 2831 783 2905 Lingonus.
818 2833 899 2889 lutor
910 2831 972 2901 ripa

176 2908 266 2965 libeni
290 2924 306 2961 a
329 2908 434 2965 Vitellio
459 2908 609 2981 prefectus:
628 2909 744 2977 Sabinus,
769 2928 847 2981 super
869 2908 972 2963 insitam

175 2984 326 3052 vamtatem,
344 2984 414 3043 falsa
431 2986 517 3060 stirpis
534 2986 615 3060 gloria
631 2986 825 3045 incendebatur:
844 2984 972 3057 proaviam

1114 2984 1126 3015 1
