2575 3592
385 433 634 481 HISTORIARUM
653 433 673 482 1.
691 435 793 484 43—46.
950 439 981 486 25

200 495 398 616 diffiteare
418 545 490 616 quasi
508 545 581 600 mna
601 545 698 601 aeuus
718 545 819 602 asena.
855 545 936 602 caan
955 551 1007 604 aa

200 623 340 694 predarum
359 623 459 677 initium
480 627 506 677 et
526 623 622 694 optimo
642 623 732 694 cuique
751 623 885 694 perniciem
904 624 982 695 quaeri

200 700 343 772 apparebat.
380 699 430 754 Sed
452 699 549 754 Othoni
568 699 677 754 noudum
698 700 834 755 auctoritas
851 699 932 755 irrorat
951 701 1006 758 adt

199 777 382 848 'prohibendum
397 777 492 832 scelus:
513 776 602 848 jubere
613 777 666 849 jam
681 781 788 848 poterat.
824 777 867 832 Ita
882 777 983 832 simulla-

200 855 270 910 tione
289 855 340 920 irae,
363 854 453 909 uinciri
468 855 568 924 jussum
588 858 614 909 et
632 854 738 925 majores
759 873 844 926 puoenns
865 854 982 910 daturum

201 932 332 996 affirmans,
340 930 685 1003 praesentiexitiosnbtraxit.
721 931 812 986 Omnia
821 931 910 987 deiude
920 932 982 987 arbi·
991 937 1030 991 46

200 1008 251 1063 trio
262 1009 371 1063 militum
382 1013 446 1064 acta.
490 1008 605 1063 Praetorii
615 1008 748 1079 praefectos
766 1008 814 1064 sibi
826 1009 874 1080 ipsi
890 1009 981 1081 legere,

200 1085 313 1141 Plotium
324 1085 435 1140 Firmum
449 1103 464 1140 e
475 1085 671 1156 manipularibus
684 1085 816 1156 qnondam,
830 1091 885 1140 tom
901 1086 983 1158 vigili-

199 1162 248 1217 bns
256 1163 419 1234 proposition
431 1166 457 1217 et
468 1161 586 1217 incolumi
597 1161 679 1216 adhue
689 1161 768 1217 Galba
778 1166 862 1234 partcs
875 1163 983 1218 Othonis

200 1245 324 1295 secutum.
359 1239 515 1311 Adiungitur
525 1239 638 1294 Licinius
647 1239 777 1308 Proculus,
786 1239 1008 1300 intimafamilia·2

199 1318 276 1372 ritate
299 1317 415 1385 Othonis,
431 1320 563 1387 suspectus
586 1315 690 1371 consilia
710 1316 764 1388 ejus
783 1317 882 1372 fouisse.
919 1317 984 1372 Urbi

199 1393 316 1448 Flavium
334 1394 454 1449 Sabinum
469 1393 610 1465 praefecere,
626 1393 750 1464 judicium
767 1393 877 1448 Neronis
894 1395 982 1460 secuti,

200 1474 249 1527 sub
260 1491 310 1544 quo
321 1472 426 1528 eandem
443 1491 528 1527 curam
545 1471 696 1538 obtinuerat,
710 1471 835 1544 plerisque
850 1472 985 1544 Vespasia-

199 1567 261 1604 num
277 1549 381 1605 fratrem
398 1550 426 1604 in
442 1567 473 1604 eo
489 1548 687 1620 respicientibus.
723 1548 877 1620 Flagitatum
894 1553 924 1604 ut
941 1565 1008 1612 ura-e

199 1627 311 1682 cationes
334 1627 449 1698 praestari
471 1625 660 1681 centurionibus
684 1625 764 1680 solitae
784 1627 982 1682 remitterentur.

199 1703 318 1774 Namque
329 1704 459 1776 gregarius
468 1703 539 1758 miles
550 1707 581 1756 ut
591 1703 716 1757 tributum
728 1721 838 1758 annuum
850 1703 982 1774 pendebat.

200 1781 301 1840 Quarta
311 1796 369 1852 pars
380 1780 501 1851 manipuli
513 1797 599 1850 sparsa
607 1799 652 1851 per
660 1785 814 1836 commeatus
827 1790 871 1836 aut
883 1781 910 1836 in
921 1781 1007 1852 ipsist

199 1858 290 1913 cmtris
318 1877 389 1930 vaga,
414 1857 474 1912 dnm
502 1856 642 1912 mercedem
670 1858 810 1912 centurioni
834 1858 982 1924 exsolveret,

198 1953 281 2006 neque
297 1935 399 1990 modum
416 1935 499 1989 oneris
519 1935 651 2005 quisquam
670 1953 751 2006 neque
772 1954 851 2007 genus
872 1939 983 2007 quaestus

198 2013 271 2086 pensi
282 2012 397 2068 habebat.
433 2013 484 2067 Per
495 2011 626 2066 latrocinia
641 2015 668 2066 et
683 2015 772 2083 raptus
789 2016 833 2067 ont
852 2012 1007 2068 servilibust

199 2091 344 2147 ministeriis
367 2090 475 2146 militare
492 2090 572 2144 otium
592 2090 755 2146 redimebant.
791 2091 856 2146 Tum
875 2090 983 2162 locuple-

198 2170 312 2224 tissimus
325 2167 432 2240 quisque
444 2167 515 2222 miles
532 2166 617 2222 labore
629 2185 659 2222 ac
671 2167 768 2223 saevitia
782 2168 891 2240 fatigari,
904 2167 983 2223 donec

198 2246 355 2301 vacationem
366 2249 467 2300 emeret.
501 2243 555 2299 Ubi
566 2243 708 2316 sumptibus
720 2245 859 2300 exhaustus
871 2244 1007 2300 socordiat

197 2323 302 2394 insuper
322 2322 475 2392 elanguerat,
494 2321 567 2392 inops
585 2339 632 2392 pro
650 2321 775 2394 locuplete
798 2328 825 2376 et
847 2321 914 2377 iners
937 2341 983 2394 pro

198 2407 303 2456 strenuo
321 2399 348 2454 in
365 2398 519 2469 manipulum
535 2397 648 2464 redibat;
673 2417 807 2454 aurursus
825 2399 888 2454 alius
907 2403 983 2471 atquc

198 2480 270 2544 alins,
284 2477 371 2534 eadem
382 2481 496 2549 egestate
508 2495 538 2531 ao
554 2476 656 2532 licentia
671 2478 790 2549 corrupti,
804 2477 835 2532 ad
847 2477 982 2534 seditiones

197 2562 225 2612 ct
236 2555 374 2612 discordias
386 2560 413 2608 et
424 2554 604 2608 adextremum
613 2553 679 2609 bella
689 2554 772 2609 civilia
782 2555 896 2610 ruebant.
933 2555 1006 2612 Sedu

197 2635 268 2689 Otho
279 2652 312 2689 ne
323 2632 394 2704 vulgi
404 2631 538 2703 largitione
554 2631 729 2686 centurionum
742 2632 837 2687 animos
849 2635 981 2700 auerteret,

197 2711 287 2766 liscum
301 2729 377 2765 sunm
393 2709 538 2763 vacationes
554 2726 649 2762 annuas
668 2709 841 2764 exsolutorum
857 2709 981 2780 promisit,

196 2807 251 2844 rem
269 2786 335 2842 hand
354 2785 430 2841 dubie
443 2785 541 2849 utilem,
558 2788 585 2840 et
603 2803 618 2838 a
634 2785 707 2840 bonis
724 2790 812 2856 postea
829 2785 982 2856 principibus

197 2864 368 2937 perpetuitate
380 2862 518 2934 disciplinae
528 2862 659 2917 firmatum.
695 2862 763 2917 Laco
776 2863 916 2933 praelectus,
929 2866 1006 2917 tan-8

197 2961 273 3015 qnam
294 2942 322 2997 in
341 2941 449 2998 insulam
468 2942 639 3012 seponeretnr,
664 2938 696 2995 ob
719 2945 830 3005 evocato,
854 2955 928 3010 quem
951 2936 983 2992 ad
