2575 3592
184 504 302 554 mm
353 442 607 493 HISTORIARUM
624 445 677 495 111.
695 443 801 493 45-49.
932 446 979 495 lea

180 557 254 611 faees
270 553 366 622 intulit,
382 572 462 611 raone
477 557 542 611 mari
559 555 672 622 eludens,
690 552 751 626 quia
767 552 918 609 lectissimas
936 554 980 610 Ii-

181 630 347 687 bumiearum
366 650 516 704 omnemque
536 633 643 689 militem
665 631 803 687 Marianus
826 629 979 702 Byzantium

180 708 311 781 adegerat·
347 708 418 769 Quin
446 713 473 765 et
500 708 601 766 barbui
623 708 792 779 contemptim
814 706 1005 779 vagabantm‚e

179 785 314 841 fabrieatis
329 790 436 857 repente
452 786 569 843 nautas.
603 787 723 843 camaras
739 791 839 853 vorant,
851 785 928 841 aretis
944 784 980 841 la-

179 864 290 929 teribus,
307 862 386 918 latam
404 862 490 919 alvum
507 863 562 919 sine
580 864 681 921 rineulo
700 862 757 919 reris
777 864 822 917 aut
840 861 902 921 ferri
921 879 980 918 oon·

181 958 284 1007 nexas3
302 942 330 996 ot
340 939 440 996 tumido
450 940 522 1006 mari,
535 944 612 1012 pmut
627 942 721 997 fluetus
734 938 867 1006 attollitur,
881 957 980 995 summa

179 1016 285 1072 narium
296 1016 391 1073 tabulis
400 1021 503 1088 augent,
512 1016 592 1074 donee
600 1017 629 1073 iu
635 1017 740 1073 modum
748 1016 812 1073 teeti
820 1015 978 1072 elaudantnr.

180 1094 225 1150 Sic
236 1094 305 1149 inter
316 1093 397 1149 undas
409 1094 553 1163 volvuntur,
564 1096 621 1166 pari
632 1095 761 1167 utrimque
772 1110 848 1165 prora
859 1096 886 1149 et
897 1096 1002 1151 muta-t

178 1170 226 1226 bili
237 1170 353 1243 remigio,
362 1170 462 1243 qnando
472 1170 532 1227 hine
542 1171 584 1227 rel
594 1171 665 1228 illine
677 1170 802 1242 appellere
812 1169 979 1227 indiscretum

179 1253 208 1303 et
219 1248 356 1303 innoxium
370 1251 418 1303 est.
452 1246 572 1304 Advertit
587 1266 620 1305 ea
634 1266 676 1304 res
692 1246 844 1318 Vespasiani
859 1247 1024 1313 animumdss

178 1332 211 1379 nt
233 1322 380 1379 vexillarios
399 1342 415 1380 e
433 1323 576 1397 legiomlrus
595 1324 736 1397 dueemque
757 1322 874 1379 Virdium
895 1324 979 1381 Gemi·

178 1420 254 1467 num,
275 1403 396 1471 spectatae
417 1402 520 1469 militia,
545 1402 677 1475 deligeret.
711 1401 760 1457 Ille
783 1400 1001 1471 inoompositnma

179 1483 210 1533 et
234 1476 326 1548 praede
348 1476 463 1549 eupidine
482 1497 576 1551 vagam
599 1480 700 1535 hostem
723 1478 828 1535 adortus
848 1478 933 1549 ootgit
951 1478 980 1533 in

179 1572 278 1621 naves;
296 1552 440 1627 effectisque
454 1556 548 1628 raptim
562 1556 716 1625 Liburnicis,
728 1554 872 1626 assequitur
887 1554 979 1610 Anice-

178 1636 241 1687 tum
250 1632 279 1687 in
289 1631 356 1687 ostio
366 1632 477 1689 fluminis
494 1633 594 1700 Cohibi,
606 1636 694 1691 tatum
710 1632 759 1688 sub
778 1631 979 1687 Sedochezorum

177 1708 251 1781 regis
273 1708 374 1775 auxilio,
397 1727 474 1782 quem
494 1710 605 1778 pecunia
627 1710 752 1780 donuque
775 1708 808 1765 ad
831 1708 978 1765 sotietatem

176 1785 336 1857 perpulerat.
371 1786 411 1841 Ae
428 1786 512 1857 primo
531 1805 580 1841 rex
598 1786 674 1842 minis
694 1786 821 1857 armisque
839 1785 1001 1857 supplicent

176 1862 266 1919 tueri:
290 1864 427 1934 postquam
441 1880 537 1918 meroes
552 1862 704 1933 proditionis
721 1866 766 1919 aut
782 1861 877 1919 bellum
893 1866 979 1918 osten·

177 1938 297 2007 debatur,
316 1939 395 2004 fluxa,
419 1942 514 1994 otest
537 1939 658 2006 barbaris,
683 1938 853 2011 ildepertus
876 1938 979 1995 Anieeti

178 2014 297 2103 exitium,
321 2015 443 2087 perfugae
465 2016 579 2086 tradidit,
601 2016 719 2089 belloque
742 2016 828 2075 servili
850 2016 907 2072 linis
930 2015 978 2071 im·

218 2167 320 2223 Iratam
334 2185 365 2223 ea
378 2166 485 2224 victoria
500 2168 692 2241 Vespasianum,
709 2168 809 2225 eunetis
825 2186 902 2239 super
917 2170 1000 2223 rotat

178 2244 329 2311 ilnentrlrus,
347 2245 526 2301 Cremonensis
542 2245 623 2317 prelii
639 2245 745 2301 nuntius
763 2245 791 2300 in
807 2246 923 2317 AEgypto
940 2262 978 2300 as-

179 2321 307 2392 sequitur.
353 2322 393 2377 uo
415 2323 593 2393 properantius
617 2322 797 2379 Alexandriam
820 2321 913 2393 pergit,
938 2327 976 2387 ut,

178 2400 266 2454 tracto
289 2398 386 2454 Vitellii
407 2399 530 2465 exercitu,
551 2399 640 2455 urbem
664 2416 767 2472 quoque
789 2401 902 2455 externa
922 2399 977 2470 opis

179 2474 296 2546 indigam
317 2475 384 2531 ierne
406 2479 520 2546 urgeret.
554 2476 674 2548 Namque
697 2479 725 2532 et
748 2475 868 2546 Africam,
889 2475 999 2534 eodem&

180 2552 263 2608 latere
281 2552 364 2618 eitam,
385 2556 455 2608 terra
473 2552 587 2624 marique
609 2551 728 2609 invadere
751 2551 864 2625 parabat,
886 2552 977 2609 eleusis

182 2646 288 2685 annona
298 2629 426 2696 subsidiis,
438 2629 548 2701 inopiam
559 2648 589 2685 ae
604 2629 754 2686 disomdinm
768 2630 837 2685 hosti
853 2629 975 2685 tartarus.

182 2706 254 2760 Dum
263 2706 311 2763 hae
320 2707 403 2763 totins
414 2706 483 2762 orbis
492 2706 625 2763 nutatione
641 2706 746 2763 fortuna
761 2706 860 2778 imperii
876 2706 976 2774 transit,
984 2709 1020 2763 49

182 2781 286 2839 Primus
296 2784 424 2839 Antonius
434 2801 593 2854 nequaquem
605 2783 661 2853 pari
677 2784 821 2839 innocentia
836 2786 896 2854 post
913 2784 977 2837 Cre-

182 2877 285 2916 monam
306 2860 405 2933 agebat,
427 2859 587 2915 satisfactum
608 2858 675 2915 bello
694 2864 766 2914 ratus
787 2863 814 2914 et
834 2862 926 2914 coetera
944 2874 977 2912 ex

181 2935 260 3005 miili,
271 2954 320 2993 seu
340 2938 449 2995 felicitas
459 2936 489 2993 in
499 2936 546 2991 tali
556 2935 659 3007 ingenio
675 2935 813 2999 avaritiam,
826 2932 975 3001 superbiam,

182 3016 326 3087 eoumque
340 3014 442 3075 ooerrlta
456 3012 522 3069 mala
532 3011 661 3084 patefecit.
696 3012 736 3067 Ut
753 3014 860 3080 neptam,
875 3007 1000 3063 Italiama
