2575 3592
373 391 422 440 DE
440 391 666 440 eustosinus
686 393 786 442 ro-rc
922 393 970 440 297

168 527 227 580 qen
245 511 279 563 et
298 503 432 576 ingenium
449 503 521 560 siunt
536 507 564 560 ct
578 503 727 560 eruditionis
743 523 772 560 eo
787 503 916 560 liternum
929 502 970 578 ju·

169 583 364 640 ωηάἱιὶπιιιηι
384 579 595 636 oblectamentum
613 599 671 637 cnm
691 581 771 648 vobis,
792 581 835 652 qui
855 579 897 636 iiis
920 579 969 634 dis·

169 663 284 732 μιῑιῑίι,
303 659 423 724 efferum,
440 660 586 714 tumetium
601 659 633 714 iis
648 657 680 714 sd
697 677 804 732 quorum
823 677 895 713 sures
913 677 969 730 per·

169 740 304 796 merim
341 735 433 807 ltnquo
444 735 527 791 hercle
538 755 589 790 uon
599 737 686 791 minus
699 735 798 808 probnri
810 735 882 790 rideo
894 735 920 789 in
933 741 993 801 tc,4

171 813 304 878 Secede,
324 812 391 884 qnod
408 812 471 867 Juiii
488 813 595 868 Asiatici
608 813 689 868 ritum
707 811 878 884 componendo
897 829 967 882 spem

172 890 324 947 homimines
338 890 420 944 iecisti
437 889 546 960 plurium
562 889 685 959 ejusmodi
703 889 831 955 librorum,
850 907 924 958 quem
941 889 967 944 in

171 973 256 1040 Apro,
275 966 345 1038 quod
362 965 474 1021 nondum
497 965 529 1021 sb
551 965 708 1022 scholasticis
726 965 903 1021 controversiis
927 985 966 1021 re·

171 1047 261 1108 cessit,
275 1049 304 1098 et
320 1043 401 1098 utinm
415 1061 490 1098 snum
504 1043 600 1098 msvult
615 1061 738 1098 novorum
753 1043 882 1098 rhetoreon
896 1061 966 1098 more

171 1141 252 1194 quem
264 1126 381 1175 veterum
393 1124 522 1174 oratorum
534 1121 708 1174 consumere.'’

205 1201 277 1253 tum
289 1199 367 1267 Aper,
379 1196 462 1251 “Non
473 1195 575 1264 desmis,
587 1197 705 1262 Messeis,
718 1201 804 1251 veteru
820 1200 922 1252 tantum
938 1200 964 1252 et
977 1203 1012 1258 16

172 1277 281 1347 setique
292 1274 385 1340 ruituri,
397 1279 541 1328 nostrornm
557 1279 642 1328 antem
659 1278 801 1345 temporum
813 1273 898 1328 studia
909 1273 965 1328 irri-

171 1353 233 1408 dere
252 1357 335 1421 etque
354 1352 534 1407 contemnere?
551 1351 619 1405 Nem
638 1351 706 1404 huno
729 1357 802 1405 tuum
823 1367 966 1406 sermonem

171 1448 241 1500 sepe
252 1428 351 1498 excepi,
364 1445 430 1492 cum,
443 1427 537 1482 obiitus
548 1433 575 1481 et
588 1433 640 1482 tuse
658 1432 685 1482 et
697 1427 783 1481 fratris
795 1427 834 1482 tui
847 1427 964 1499 eloquen-

171 1507 221 1572 tie,
234 1504 363 1560 neminem
375 1505 423 1559 hoc
439 1510 553 1576 ternpore
569 1510 694 1558 oratorem
710 1521 766 1560 esse
783 1503 963 1572 contenderem

170 1589 250 1654 etque
270 1580 300 1636 id
322 1599 361 1646 eo,
381 1580 464 1645 credo,
486 1579 611 1646 eudncius,
634 1579 701 1652 quod
725 1580 887 1652 malignitatis
910 1582 964 1652 opi·

170 1661 274 1714 irionem
288 1675 338 1712 uon
353 1658 486 1724 vereberis,
499 1677 557 1713 cum
572 1675 627 1712 eum
645 1657 758 1730 glorium,
772 1676 847 1729 quum
862 1657 910 1714 tibi
922 1658 964 1714 alii

171 1735 325 1802 mumdum,
337 1735 391 1805 ipse
402 1736 450 1791 tibi
461 1733 622 1806 denegares.'’

203 1813 327 1882 “Neque
346 1811 439 1877 iliius,”
457 1813 548 1884 inquit,
562 1811 706 1866 “sermonis
726 1811 776 1867 mei
792 1813 987 1883 punitentisurt

170 1909 226 1962 rgo,
238 1905 326 1960 neque
337 1893 382 1944 ent
394 1890 537 1944 Secundum
550 1893 595 1943 unt
607 1889 755 1944 Maternum
772 1894 817 1945 sut
833 1892 961 1964 teipsum,

170 1971 250 2038 Aper,
260 1983 405 2037 quenquam
416 1966 543 2021 interdum
555 1966 582 2020 iu
594 1965 748 2020 contrarium
760 1965 880 2037 disputes,
890 1969 964 2022 uiiter

170 2045 268 2099 sentire
280 2042 362 2097 credo.
391 2045 431 2098 Ac
441 2043 517 2098 velim
528 2043 691 2114 impetratum
703 2043 734 2097 ub
747 2043 829 2114 sliquo
842 2049 961 2112 vestrum,

170 2128 199 2175 nt
210 2137 305 2176 causus
318 2120 393 2191 hujus
404 2121 508 2175 infinite
520 2119 667 2174 differentis
683 2125 812 2175 scrutetur
823 2137 852 2174 sc
861 2118 959 2183 reddat,

170 2218 233 2269 quus
252 2213 352 2250 mecum
369 2198 424 2268 ipse
441 2198 589 2269 plerumque
606 2197 735 2268 conquiro.
771 2197 807 2251 Et
823 2195 890 2268 quod
906 2195 984 2267 qui-s

170 2275 278 2329 busdam
291 2273 381 2328 solutio
398 2279 446 2339 est,
462 2274 525 2328 mihi
541 2279 618 2345 suget
634 2273 804 2344 questionem,
818 2273 876 2344 quis
887 2273 960 2328 video

169 2354 247 2407 etiem
260 2350 343 2404 Graiis
359 2351 486 2417 eccidisse,
497 2356 527 2405 ut
539 2351 639 2422 lougius
656 2350 721 2405 absit
733 2351 852 2405 AEschiuc
865 2355 891 2406 et
909 2351 960 2406 De

169 2428 304 2483 mosthene
321 2427 436 2482 secerdos
451 2427 502 2483 iste
516 2427 629 2492 Nicetes,
648 2431 674 2482 et
690 2427 712 2482 si
728 2428 784 2498 quis
800 2427 863 2482 nlius
875 2429 960 2499 Ephe-

169 2525 226 2560 sum
239 2504 282 2559 nel
292 2504 430 2575 Mytilenas
447 2510 572 2560 concentu
592 2504 799 2560 scholasticorum
811 2510 837 2560 et
849 2507 960 2562 clamori·

169 2581 217 2637 bus
236 2582 327 2653 quatit,
348 2600 423 2652 quum
443 2583 508 2636 Afer
528 2590 572 2637 snt
594 2581 728 2636 Africanus
750 2587 794 2636 eut
815 2601 860 2638 vos
881 2585 960 2654 ipsis
1030 2581 1035 2594 '

170 2661 293 2714 Cicerone
305 2663 349 2712 eut
361 2658 450 2712 Asinio
461 2658 628 2713 recessistis.’'

204 2735 375 2806 “Magnam''
393 2735 476 2807 inquit
498 2736 636 2800 Secundus,
657 2737 707 2790 “et
728 2734 829 2806 diguam
847 2739 957 2790 tractatu
969 2741 1004 2796 16

170 2813 333 2884 questionem
349 2812 457 2866 movisti.
494 2812 544 2868 Sed
564 2813 620 2884 quis
639 2831 695 2866 eum
710 2813 804 2883 justius
825 2811 959 2881 explicabit

171 2893 294 2961 quantu,
308 2888 340 2942 sd
351 2893 425 2959 cujus
441 2907 564 2943 summurn
577 2888 744 2944 eruditionem
761 2893 787 2944 et
803 2891 959 2968 prestantis-

172 2968 261 3022 sinrurn
273 2967 403 3037 ingenium
415 2981 476 3021 oure
487 2983 587 3038 quoque
598 2969 625 3021 et
637 2965 768 3022 meditatio
780 2965 884 3021 necessit
892 2967 921 3022 P”
