2575 3592
312 399 359 447 mo
648 399 771 448 TACITI

938 459 1014 510 [m
1022 462 1103 502 (2⁸2³.

287 520 342 569 tex
356 509 482 582 Hispania
491 510 558 583 legio
573 510 708 583 supplevit
744 510 820 567 Civili
832 460 993 567 Ghaucoium
1004 512 1104 567 suxilia

290 606 407 643 venere.
442 588 503 643 Non
517 598 603 643 tumen
618 606 697 643 ausus
713 588 837 660 oppidum
851 589 1009 645 Batavorum
1024 589 1103 643 armis

307 664 383 729 tueri,
407 665 486 735 raptis
504 683 560 736 qua
577 665 639 721 ferri
662 669 789 737 poterant,
805 665 904 721 ceteris
919 664 1047 734 injecto
1038 666 1103 736 igni,

307 741 335 797 in
357 740 465 797 insulam
482 742 614 807 concessit,
638 758 733 814 gnarus
756 742 845 797 deesse
864 760 942 797 naves
965 742 1104 799 efficiendo

307 820 476 891 pontiusque
488 820 627 876 exercitum
639 820 785 875 &manum
795 820 871 875 aliter
881 819 1103 875 transmissurum.

285 896 379 957 sQuin
401 900 428 951 et
451 894 529 951 diruit
552 896 643 953 molem
666 914 682 951 a
704 896 792 951 Druso
818 896 969 951 Germanico
995 895 1103 962 iactam,

309 974 475 1044 Rhenumque
490 990 571 1043 prono
587 973 658 1028 alveo
675 973 703 1028 in
719 973 825 1028 Gallim
843 977 969 1040 ruentem,
984 972 1103 1045 disjectis

280 1059 297 1106 4
307 1069 362 1122 qum
372 1048 542 1115 morabantur,
555 1049 653 1105 effudit.
689 1050 731 1106 Sic
738 1050 809 1105 uelut
821 1049 911 1105 abacto
919 1068 1005 1113 mnne,
1014 1053 1103 1105 tennis

306 1127 391 1183 alveus
403 1126 509 1183 insulam
526 1128 593 1182 inter
608 1128 797 1198 Germanosque
815 1127 1001 1183 continentium
1020 1133 1102 1183 terra-

281 1212 361 1260 trum
372 1204 482 1275 speciem
493 1205 595 1261 lecerat.
629 1204 763 1259 'Ihausiere
774 1204 894 1259 Rhenum
903 1204 985 1259 'lutor
997 1223 1101 1276 quoqne

304 1285 331 1336 et
344 1280 470 1337 Classicus
481 1285 508 1337 et
520 1286 622 1337 centum
634 1280 756 1337 tredecim
770 1282 936 1336 treverorum
948 1287 1099 1348 senatores;

303 1357 331 1413 in
343 1359 399 1429 quis
410 1358 460 1413 init
472 1358 590 1431 Alpinius
603 1358 754 1424 Montanus,
766 1376 869 1429 qnema
882 1358 970 1412 Primo
982 1360 1099 1415 Antonio

303 1442 408 1497 missum
419 1442 446 1497 in
455 1442 548 1498 Gallias
558 1442 674 1514 superins
682 1442 882 1497 memoravimus
918 1441 1100 1499 comitabatur

278 1523 362 1574 esum
381 1520 460 1575 freter
478 1520 511 1575 D.
523 1519 649 1591 Alpinius.
684 1518 765 1575 Simul
782 1518 869 1574 ceteri
885 1518 1051 1575 miseratione
1069 1540 1099 1576 ac

302 1594 375 1651 donis
386 1596 479 1651 anxilio
490 1596 623 1652 concibant
634 1596 703 1651 inter
716 1600 806 1669 gentes
817 1594 988 1667 periculorum
1000 1596 1097 1654 avidas.

258 1672 297 1729 20
303 1672 461 1745 Tantumque
477 1672 537 1729 belli
554 1673 688 1745 superfuit,
704 1678 736 1728 ut
752 1671 869 1745 presidia
879 1672 1035 1738 cohortium,
1048 1674 1098 1729 ala·
1140 1671 1141 1740 l

301 1765 366 1814 rum,
384 1749 511 1821 legionum
527 1768 579 1805 uno
597 1750 637 1806 die
656 1749 744 1805 Civilis
762 1749 947 1821 quadripartito
964 1749 1097 1818 invaserit,

301 1824 424 1881 decimam
444 1826 570 1898 legionem
591 1827 708 1892 Arenaci,
726 1825 864 1882 secundam
883 1825 1053 1895 Batavoduri,
1070 1834 1096 1882 et

302 1902 411 1957 Grinnes
433 1902 582 1975 Vadamqne
605 1904 748 1959 cohortium
771 1902 917 1974 alarumque
939 1908 1034 1968 castra,
1059 1906 1095 1959 ita

301 1977 389 2035 divisis
409 1980 488 2051 copiis
507 1984 538 2035 ut
561 1980 615 2051 ipse
635 1987 663 2035 et
683 1981 775 2045 Verax,
795 1998 883 2035 sorore
900 1982 958 2050 ejus
980 1981 1093 2052 genitus,

301 2055 477 2129 Classicusque
489 2075 518 2112 ac
532 2056 613 2112 Tutor
625 2057 816 2129 unumquisque
830 2074 932 2111 manum
945 2056 1079 2113 traherent
1085 2081 1093 2123 ;

299 2150 347 2194 uec
364 2134 448 2189 omnia
463 2134 581 2203 patrandi
598 2134 698 2199 fiducia,
717 2133 763 2189 sed
779 2133 861 2189 multa
877 2132 947 2188 ansis
963 2133 1052 2205 aliqua
1067 2136 1094 2189 in
1138 2143 1139 2164 ¹

300 2214 372 2279 parte
397 2211 524 2267 torturam
552 2211 644 2267 affore:
670 2210 747 2266 simul
769 2209 895 2265 Cerialem
918 2228 1004 2281 neque
1029 2214 1092 2266 satis

299 2293 409 2357 cautum,
420 2293 447 2344 et
463 2288 577 2360 pluribus
593 2287 690 2343 nuntiis
706 2288 757 2343 huc
773 2286 834 2343 illuo
850 2291 1004 2352 cursantem,
1017 2306 1092 2359 posse

275 2364 381 2419 tmerlio
402 2365 528 2437 intercipi.
573 2364 675 2425 Quibus
698 2364 852 2420 obvenerant
875 2368 960 2419 castra
982 2363 1091 2420 decima·

298 2457 397 2506 norum,
410 2442 626 2515 oppugnationem
642 2441 750 2512 legionis
766 2440 872 2497 arduam
887 2441 947 2506 rati,
959 2459 1091 2513 egissem

298 2516 402 2573 militem
414 2522 441 2573 et
450 2518 574 2575 cedrum
584 2518 697 2574 meteriis
708 2524 840 2589 operatum
848 2517 992 2583 turbavere,
1005 2521 1090 2574 occiso
1137 2561 1138 2584 ι

297 2593 417 2664 prolecto
429 2599 576 2663 castrorum,
583 2604 610 2651 ct
622 2595 734 2667 quinque
744 2594 896 2667 primoribus
903 2595 1088 2662 centurionum,
1137 2593 1138 2598 '

297 2669 434 2739 paucisque
451 2670 587 2727 militibus
614 2672 702 2729 ceteri
718 2690 748 2727 se
764 2672 927 2728 munimentis
944 2670 1087 2728 detondere

277 2744 333 2801 sut
354 2744 455 2801 interim
478 2746 661 2803 Germanorum
680 2767 773 2804 monus
791 2748 949 2805 Batavoduri
970 2768 1087 2822 rumpere

298 2819 444 2875 inchoatum
453 2826 555 2891 ponem
564 2824 719 2879 nitebantur.
747 2824 905 2898 Ambiguum
913 2824 1086 2897 prabumnox
1136 2845 1137 2900 ι

254 2894 407 2955 21diremit.
431 2896 494 2951 Plus
503 2896 653 2955 discriminis
660 2900 728 2971 ud
736 2901 846 2959 Grinnes
855 2902 968 2975 Vcdcmq
969 2921 1012 2959 ue.
1035 2904 1085 2958 Vs·

299 2969 465 3036 damGivilis.
477 2972 585 3030 Grinnes
597 2976 725 3033 Classicus
736 2980 926 3052 oppugnabant
961 2980 1085 3039 Nupsisti
1135 3007 1136 3012 ¹
