2575 3592
199 472 262 517 ω.
272 472 316 524 m
373 410 626 463 maronianum
643 412 697 462 111.
714 414 816 463 ιιι-53.
942 412 989 463 iao

199 523 988 597 queimeverentianfoissentgrogmioaeques,oeoisuma

195 619 226 657 ae
237 600 354 672 proxima
364 602 416 657 aeie
427 602 683 673 summissius,
696 600 829 673 praemium
843 618 861 656 a
878 598 986 656 duoibns

196 679 313 751 petierit.
349 678 406 734 Neo
416 678 467 735 illis
478 682 524 734 aut
537 678 661 735 honorare
678 696 734 733 eam
745 678 840 733 oedem
852 677 895 748 jua
907 676 1009 732 homi-2

197 775 264 812 num
282 759 328 811 ant
347 755 437 812 uloiaoi
454 755 521 811 ratio
540 754 601 811 belii
618 754 789 827 permittebat.
825 753 987 809 Distulerant

195 837 323 905 tanquam
333 833 429 904 majora
439 832 557 889 meritum
570 850 647 903 quem
659 850 716 903 quie
728 832 816 887 statim
827 831 987 887 exsolveren-

195 915 264 977 tur;
279 926 328 965 neo
341 909 479 981 quidquam
496 908 566 965 nitra
583 909 704 965 traditur.
740 908 868 965 Ceterum
888 911 916 963 et
934 907 1009 979 pri-8

196 986 288 1043 oribus
299 986 394 1043 oinium
405 985 479 1042 bellio
489 1004 536 1058 par
550 986 634 1043 seelus
649 985 780 1042 iooiderat.
815 985 884 1041 Nam
900 984 987 1056 proelio

197 1081 251 1136 quo
266 1063 335 1135 apud
349 1062 498 1119 Janioulum
517 1062 637 1119 adrem
656 1062 764 1119 Cinnam
783 1066 924 1135 pugnatum
938 1066 986 1129 est,

197 1141 372 1230 Pompeianus
383 1139 457 1196 miles
467 1140 572 1195 matrem
583 1159 666 1207 auum,
679 1139 746 1206 dein,
758 1140 861 1212 eognito
869 1139 987 1208 facinore,

198 1218 326 1290 seipsum
337 1217 475 1309 interfecit,
485 1221 516 1273 ut
527 1217 635 1273 Sisenna
644 1220 777 1273 memorat.
813 1217 895 1271 'Panto
906 1217 1010 1273 aanor*

199 1295 269 1368 apud
280 1299 398 1367 majores,
411 1280 478 1351 sioiit
487 1294 627 1351 virtutibus
642 1294 730 1367 gloria
741 1294 780 1349 ita
792 1294 896 1366 flagitiis
909 1294 988 1365 paeni·

198 1372 286 1441 tentia
294 1372 354 1428 fuit.
390 1371 441 1427 Sed
451 1372 506 1429 hae
517 1372 615 1443 aliaque
626 1376 757 1427 exuetere
768 1370 889 1427 memoria
899 1370 988 1443 petita,

201 1449 304 1521 quoties
327 1467 368 1505 res
390 1448 511 1522 locusque
533 1448 649 1521 exempla
671 1449 736 1505 reoti
758 1452 803 1503 aut
822 1447 894 1503 solat
874 1451 912 1503 tia
929 1447 988 1503 maii

201 1529 299 1597 poseat,
322 1524 391 1581 haud
413 1525 522 1582 absurde
543 1526 746 1583 memorabimus.
782 1525 895 1581 Antonio
918 1523 1033 1581 daei-52

201 1602 301 1674 bosque
311 1602 421 1675 partium
433 1604 557 1675 promitti
568 1604 668 1675 equites
686 1620 838 1673 omnemque
855 1600 989 1657 Umbriam

200 1679 329 1751 explorari
356 1679 461 1752 plaouit,
484 1680 508 1736 si
530 1698 582 1753 que
603 1680 733 1753 Apennini
752 1682 818 1752 juga
840 1678 989 1735 clementius

199 1756 346 1824 adirentur3
370 1757 448 1814 aoeiri
464 1757 561 1829 aquilas
579 1758 702 1830 signaque
720 1760 747 1813 et
767 1756 889 1829 quidquid
907 1756 990 1813 Vero·

199 1852 241 1893 nie
265 1834 377 1891 miiitum
395 1834 472 1901 foret,
493 1834 643 1907 Padumque
666 1838 694 1890 et
716 1852 785 1891 mare
807 1833 989 1891 eommeatibus
1100 1892 1102 1906 Ι

199 1911 330 1983 eompleri.
372 1910 456 1967 Erant
481 1911 550 1968 inter
573 1911 651 1968 duoes
664 1912 719 1985 ¹qui
736 1915 867 1969 neoterent
889 1929 989 1967 morea:

200 1988 296 2061 quippe
313 1987 408 2045 nimios
424 1988 479 2060 jam
496 1989 632 2055 Antonius,
644 1991 673 2045 et
695 1989 804 2045 eertiora
825 2007 858 2044 ex
868 1988 990 2044 Muciano

201 2065 378 2137 sperabantur.
413 2064 532 2137 Namque
554 2066 699 2132 Munianus,
715 2070 770 2123 tani
793 2065 868 2122 aeleri
884 2064 1011 2121 victorina

201 2141 304 2207 auxius,
336 2147 371 2208 et,
395 2142 423 2198 ni
455 2160 567 2214 masena
597 2144 663 2199 urbe
694 2143 829 2213 potiretur,
861 2150 991 2212 expertem

202 2236 232 2274 se
250 2217 311 2274 belii
325 2218 461 2290 gloriaque
475 2227 556 2287 ratus,
574 2219 608 2276 ad
623 2220 738 2275 Primum
754 2223 781 2275 et
796 2220 894 2273 Varum
908 2216 991 2271 media

201 2294 372 2366 scriptitabat,
396 2295 544 2354 instandum
568 2297 660 2369 emptis
683 2300 730 2353 aut
747 2314 836 2351 rursus
855 2293 991 2350 annotandi

200 2372 331 2429 utilitates
343 2372 491 2440 edisserens,
503 2378 582 2445 atque
593 2374 632 2429 ita
641 2372 798 2444 eompositus
809 2374 840 2427 ot
851 2389 885 2426 ex
896 2375 990 2427 eventu

201 2468 289 2505 rerum
300 2448 407 2508 adversa
417 2449 540 2507 abnueret
551 2450 593 2508 vel
603 2467 725 2522 prospera
739 2451 896 2521 agnosoeret.
932 2448 1013 2505 Plo-a

201 2526 269 2581 tium
292 2525 426 2597 Griphum,
449 2546 531 2600 nuper
559 2545 576 2584 a
598 2526 755 2600 Vespasiano
783 2525 812 2583 in
838 2526 992 2583 senatorium

203 2601 318 2659 ordinem
341 2602 457 2660 additum
475 2622 506 2661 ae
525 2604 622 2676 legioni
640 2602 813 2675 praepositum,
835 2606 992 2674 ceterosque

203 2677 255 2735 sibi
271 2678 335 2735 fidos
354 2680 467 2752 apertius
483 2681 591 2738 monuit.
627 2680 717 2751 Hique
733 2697 821 2737 omnes
838 2679 870 2736 de
887 2679 1015 2737 festina-4

204 2755 276 2815 tione
293 2756 373 2813 Primi
390 2776 420 2813 ao
437 2758 501 2814 Vari
518 2758 622 2818 sinistre
638 2762 666 2813 et
683 2756 804 2813 Muciano
824 2756 935 2813 volentia
954 2772 994 2809 re-

203 2833 337 2904 scripsere.
369 2834 471 2895 Quibus
483 2835 597 2907 epistolis
604 2834 762 2905 Vespasiano
771 2834 855 2889 missis
866 2833 992 2897 effecerat,

203 2913 236 2966 ut
258 2926 311 2967 nen
328 2929 375 2983 pro
394 2930 440 2982 spe
458 2912 566 2969 Antonii
583 2911 688 2969 oonsilia
707 2910 825 2981 iactaque
843 2912 899 2978 ejus
922 2906 990 2966 asti·

202 2990 344 3049 morentur.
380 2988 462 3060 AEgre
473 2988 500 3044 id
513 2987 568 3059 peti
581 2986 718 3053 Antonius,
735 2989 762 3043 et
778 2983 900 3055 eulpam
892 3001 921 3039 io
934 2982 981 3039 Mo
