2575 3592
323 393 371 440 282
658 391 777 440 TAclTI

897 451 933 500 [Δ.
944 451 972 490 U.
982 452 1006 490 0.
1014 451 1060 492 840.
1069 450 1111 490 ⁷9⁰.

322 502 390 558 lecto
415 505 570 558 testamento
592 502 725 574 Agricolae,
749 519 799 573 quo
827 500 982 557 coheredem
1010 501 1112 570 optima

323 581 400 636 uxori
419 585 446 636 et
464 580 581 652 piissime
597 580 655 636 illiue
675 581 849 635 Domitianum
869 578 977 650 scripsit,
998 577 1110 634 letatum

324 675 383 712 eum
394 658 465 713 velut
482 658 577 712 bonore
591 656 746 729 judicioque.
782 657 844 712 Tam
862 674 928 711 caeca
945 660 971 710 et
992 660 1112 725 corrupta

323 752 394 789 mens
412 734 521 788 assiduis
539 733 726 788 adulationibus
749 737 812 798 erat,
830 737 861 788 ut
881 732 990 788 nesciret
1012 751 1028 787 a
1047 732 1111 788 bono

323 814 396 881 patre
406 829 458 865 non
469 810 546 866 scribi
556 810 680 866 hai-edem
692 810 742 865 nisi
753 810 846 865 mulum
858 809 1004 881 principem.

277 887 315 940 44
358 888 444 942 Natus
462 890 517 942 erat
537 887 657 959 Agricola
676 887 738 942 Gaio
758 887 859 942 Casare
878 887 982 942 tertium
1001 886 1109 950 consule,

250 969 314 1052 ³33⁰&
323 963 412 1019 Idibus
429 963 528 1019 Juniis:
551 965 661 1019 excessit
680 968 797 1020 sextoet
815 963 1022 1034 quinquagesimo
1039 981 1110 1030 anuo,

257 1069 280 1099 ι.
290 1039 310 1097 13.
323 1040 419 1095 decimo
431 1040 560 1096 Kalendas
572 1040 742 1111 Septembres,
754 1040 858 1112 Collega
869 1041 1007 1112 Priscoque
1022 1059 1110 1096 cousu-

270 1108 314 1207 ⁸⁷3
323 1117 397 1172 libus.
433 1117 511 1177 Quod
531 1119 553 1173 si
569 1118 685 1173 habitum
703 1136 802 1189 quoque
823 1118 878 1189 ejus
896 1117 992 1189 posteri
1008 1136 1110 1173 noscere

323 1194 409 1260 velint,
428 1194 557 1251 decentior
573 1213 649 1277 qnam
667 1195 796 1250 sublimior
815 1195 879 1250 luit:
904 1195 967 1250 nibil
984 1195 1109 1249 metusin

323 1264 415 1329 vnltn3
448 1266 531 1335 grstia
553 1284 604 1320 ons
627 1269 766 1336 supererat.
810 1265 910 1320 Bonum
933 1265 1016 1320 virum
1039 1265 1109 1320 facilc

298 1341 446 1405 derederes,
470 1361 590 1414 magnum
614 1341 729 1398 libenter.
766 1342 801 1398 Et
824 1342 880 1412 ipse
903 1341 1011 1412 quidem,
1035 1360 1110 1413 quau-

324 1438 399 1490 quam
421 1419 505 1476 medio
527 1420 555 1474 in
571 1420 654 1490 spatio
671 1419 778 1492 integra
798 1419 879 1474 atatis
902 1423 1012 1489 ereptus,
1034 1437 1111 1489 quan·

323 1500 380 1552 tum
397 1496 558 1568 adpludam,
576 1496 750 1567 longissimum
766 1515 847 1552 rurum
864 1495 971 1567 peregit.
1007 1495 1111 1565 Quippe

323 1578 350 1628 ct
368 1592 428 1628 vera
445 1572 518 1638 bona,
534 1592 590 1644 que
606 1573 634 1627 in
650 1573 788 1628 virtutibus
805 1572 854 1626 sita
869 1576 937 1637 sunt,
954 1572 1110 1642 impleverat,

323 1655 350 1703 et
361 1649 488 1704 consulari
503 1668 533 1706 ac
548 1649 742 1720 triumphalibus
758 1649 911 1704 ornamentis
927 1648 1035 1719 praedito
1052 1650 1111 1721 quid

299 1725 392 1785 4aliud
411 1726 543 1782 adstruere
562 1727 666 1781 fortuna
685 1729 805 1797 poterat?
834 1725 934 1794 Opibus
957 1726 1042 1782 nimiis
1062 1745 1113 1781 non

322 1802 465 1872 gundebat3
495 1803 615 1873 speciosa
637 1804 804 1875 contigerant.
846 1802 911 1858 Filio
933 1806 1011 1872 atque
1035 1823 1112 1858 uxore

322 1879 511 1949 superstitibus,
522 1884 608 1950 potest
620 1879 699 1935 videri
715 1880 791 1935 etiam
808 1879 905 1944 beatus,
922 1879 1044 1935 incolumi
1060 1880 1112 1951 dig-

322 1955 411 2022 nitate,
431 1955 538 2010 dorentc
561 1956 636 2024 saura,
658 1956 733 2011 salvis
754 1955 917 2010 affinitatibus
940 1960 967 2010 et
987 1957 1111 2022 amicitiis,

299 2032 411 2090 dlutura
426 2032 553 2104 effugisse.
590 2033 658 2088 Nam
676 2033 753 2089 sicuti
768 2033 858 2088 durare
872 2033 900 2086 in
915 2032 963 2086 hcc
974 2032 1112 2088 beatissimi

322 2110 401 2166 seculi
412 2109 468 2166 luce
480 2128 509 2165 ac
520 2109 661 2181 principem
673 2111 808 2182 Trajauum
820 2109 913 2176 videre,
926 2109 996 2180 quod
1008 2111 1112 2183 augurio

321 2188 438 2259 votisque
456 2187 525 2258 apud
538 2192 642 2243 nostras
660 2206 733 2242 aurea
751 2187 916 2251 ominabatur‚
935 2187 973 2241 ita
986 2188 1111 2244 festinata

321 2265 410 2320 mortis
422 2264 517 2337 grande
534 2265 652 2320 solatium
669 2265 738 2326 tulit,
751 2264 859 2320 evasisse
876 2267 1036 2334 postremum
1054 2265 1112 2320 illud
1136 2265 1137 2287 ¹

322 2345 430 2412 tempus,
444 2361 495 2414 quo
506 2342 669 2397 Domitianus
681 2360 733 2396 non
740 2345 794 2412 Jam
806 2360 852 2411 per
867 2339 1002 2395 intervella
1017 2361 1048 2398 ac
1065 2343 1112 2412 spi-

322 2423 436 2472 ramenta
458 2423 610 2488 temporum,
634 2418 679 2473 sed
703 2419 824 2474 continuo
847 2422 873 2474 et
893 2417 964 2472 volut
984 2437 1039 2474 uno
1063 2421 1113 2474 ictu
1135 2439 1136 2461 i

274 2508 313 2561 45
322 2495 503 2562 rempublicam
523 2496 650 2550 exhausit.
686 2496 748 2550 Non
767 2495 831 2550 vidit
848 2495 968 2566 Agricola
985 2496 1112 2552 obsessam

323 2569 418 2624 curiam
429 2577 456 2625 et
474 2572 585 2627 clausum
603 2572 679 2627 armis
694 2577 809 2628 senatum
825 2577 852 2626 et
867 2571 955 2626 endem
970 2581 1061 2645 strage
1076 2579 1112 2629 tot
1134 2605 1135 2635 r

323 2645 491 2701 consularium
509 2649 598 2714 cades,
616 2653 658 2704 tot
675 2649 885 2704 nobilissimarum
902 2648 1056 2706 feminarum
1072 2670 1113 2706 er·

322 2721 379 2775 silis
388 2726 416 2776 et
428 2723 510 2792 fugas.
545 2725 606 2779 Una
617 2725 699 2781 adhuc
710 2726 816 2782 victoria
827 2726 908 2780 Carus
917 2725 1016 2781 Metius
1029 2745 1113 2784 oense
1133 2755 1134 2809 p

323 2795 407 2862 batur,
429 2802 458 2853 ct
484 2798 551 2854 intra
574 2801 699 2856 Albanum
722 2821 806 2857 arcem
833 2801 957 2858 sententia
980 2803 1113 2860 Messalini

322 2873 498 2942 sumebatet
510 2875 600 2934 Massa
617 2877 720 2934 Bebius
732 2883 787 2949 jam
802 2883 859 2934 tum
873 2897 931 2934 reus
946 2885 1011 2936 erat.
1051 2884 1112 2940 Mox
1132 2941 1133 2946 ,

322 2951 417 3005 nostru
439 2950 536 3007 duxere
559 2953 708 3012 Hdvidium
730 2956 758 3012 in
781 2975 907 3012 carcerem
929 2974 1020 3014 manus
1032 2980 1041 3025 ;
1071 2951 1133 3015 nosl
