2575 3592
193 432 213 470 Α
232 429 252 468 D
268 431 310 478 Μ
371 365 623 414 HISTORIARUM
641 365 679 413 ll.
700 367 799 412 18-22.
952 365 983 412 63

191 488 287 535 caetera
297 479 360 534 fora
397 478 552 550 Sedprimns
564 478 618 534 dies
629 474 816 548 impetnmagis
829 492 902 546 quam
914 469 1027 530 vete-21

189 556 250 612 rani
272 556 399 612 exercitus
423 556 521 611 artibus
544 559 706 610 transactus:
734 552 816 624 aperti
838 552 984 623 incautique

189 652 280 688 muros
298 632 406 697 subiere,
419 633 475 688 cibo
491 633 600 704 vinoque
621 649 772 704 praegraves.
808 629 841 684 In
857 648 887 684 eo
902 634 1007 685 certa-2

188 710 261 765 mine
284 709 480 781 pulcherrimum
504 709 686 782 amphitheatri
709 726 780 778 opus,
809 707 888 762 situm
911 710 985 762 extra

189 805 287 852 muros,
304 787 475 858 conflagravit,
492 788 547 843 sive
563 787 594 843 ab
609 784 826 858 oppugnatoribus
844 783 983 848 incensum,

190 863 254 919 dnm
275 865 343 920 faces
363 870 390 920 et
408 864 511 936 glandes
532 878 559 920 et
579 864 700 920 missilem
721 863 806 934 ignem
823 862 850 916 in
867 861 984 917 obsessos

187 941 344 1012 jaculantur,
373 942 427 997 sive
451 942 483 998 ab
506 942 624 1007 obsessis,
650 941 710 996 dum
735 942 833 994 returta
854 939 995 1010 ingerunt..

189 1019 348 1090 Municipale
359 1019 459 1091 vulgus,
473 1039 580 1091 pronum
591 1019 624 1074 ad
636 1017 799 1089 suspiciones,
813 1015 902 1071 fraude
914 1015 1006 1071 illatat

190 1096 260 1168 iguis
278 1096 396 1152 alimenta
411 1096 518 1168 credidit
533 1116 548 1152 a
563 1095 713 1167 quibusdam
731 1112 746 1149 e
762 1093 852 1148 ricinis
870 1093 983 1160 coloniis,

189 1173 287 1228 invidia
299 1179 325 1229 et
337 1174 503 1239 aemulatione,
522 1174 591 1246 qnod
607 1172 677 1228 nulla
694 1172 722 1226 iu
739 1171 816 1226 Italia
833 1170 912 1225 moles
930 1175 983 1224 tam

190 1269 272 1322 capax
290 1251 364 1306 foret.
401 1251 561 1323 Quocunque
580 1270 641 1306 casu
660 1248 760 1314 accidit,
780 1247 839 1302 dum
859 1247 1006 1302 atrociorat

190 1327 380 1393 metuebantur,
392 1327 420 1384 in
435 1328 487 1384 levi
503 1328 634 1395 habitum3
654 1326 754 1382 reddite
771 1324 915 1389 securitate,
928 1330 984 1379 tan·

190 1423 270 1476 quani
286 1405 350 1460 nihil
364 1406 466 1478 gravius
482 1406 536 1477 pati
551 1406 702 1478 potuissent,
720 1402 866 1458 maerebant.
901 1401 984 1457 Oete-

189 1501 251 1538 rum
273 1482 354 1537 multo
378 1501 482 1537 snorum
506 1501 596 1538 cruore
619 1481 708 1553 pulsus
737 1479 838 1536 Oaecina
845 1500 853 1544 3
883 1481 909 1533 et
932 1496 984 1533 nox

190 1559 311 1632 parandis
322 1560 440 1628 operibus
458 1565 595 1632 assumpta
630 1557 762 1614 Vitelliani
774 1557 874 1627 pluteos
891 1561 1004 1617 crates-a

191 1657 243 1709 qne
254 1646 281 1693 et
293 1638 378 1694 vineas
390 1637 553 1693 suffodiendis
569 1636 648 1692 muris
662 1633 875 1708 protegendisque
887 1651 983 1704 oppug-

190 1714 332 1781 natoribus,
357 1715 495 1771 Othoniani
518 1713 593 1770 sudes
614 1718 640 1769 et
664 1714 798 1768 immensas
822 1709 934 1781 lapidum
954 1728 984 1766 ao

190 1791 291 1862 plumbi
306 1792 413 1864 aerisque
427 1792 506 1847 moles
521 1789 706 1863 perfringendis
723 1787 909 1858 obruendisque
926 1787 983 1843 hos-

190 1869 263 1924 tibus
279 1869 427 1941 expcdiunt.
463 1869 593 1940 Utrinque
613 1867 703 1940 pudor,
715 1866 835 1936 utrinque
856 1865 943 1936 gloria,
956 1869 1005 1926 ete

191 1946 300 2002 divmsae
328 1947 525 2013 exhortationes,
549 1947 609 2002 hino
635 1945 765 2018 legionum
789 1956 815 1998 et
840 1943 984 2000 Germanici

191 2025 320 2080 exercitus
340 2025 425 2090 robur,
446 2023 505 2080 inde
523 2023 627 2079 utana
646 2021 742 2077 mihtire
762 2024 789 2077 et
809 2020 984 2092 praetoriarum

191 2102 336 2158 cohortium
353 2101 430 2157 decus
447 2100 636 2166 sttollentinm;
659 2099 696 2154 illi
711 2106 742 2154 ut
757 2116 861 2170 segnem
878 2102 905 2152 et
921 2097 984 2152 deai-

191 2178 251 2234 dem
262 2184 290 2235 et
301 2179 368 2236 circo
379 2197 409 2235 ac
420 2178 527 2234 theatris
544 2182 693 2248 corruptum
708 2175 822 2239 militem,
835 2174 863 2229 hi
874 2174 984 2246 peregri·

190 2274 254 2312 num
282 2260 309 2311 et
332 2260 466 2312 externum
494 2253 666 2326 increpabant.
702 2251 783 2306 Simul
803 2251 931 2306 Othonem
954 2259 1007 2309 acl

191 2333 324 2388 Vitellium
342 2333 497 2390 celebrantes
512 2332 683 2404 culpantesve,
698 2328 858 2385 uberioribus
874 2327 942 2384 inter
956 2347 983 2385 se

189 2409 291 2482 probris
298 2429 374 2482 quam
384 2409 501 2465 laudibus
510 2408 713 2464 stimulabantnr.
748 2403 862 2460 Vixdum
874 2409 931 2460 orto
943 2405 983 2461 dic
991 2405 1028 2459 22

189 2487 266 2559 plena
289 2486 520 2559 propugnatoribus
545 2485 645 2553 moenia,
664 2483 793 2556 fulgentes
814 2481 890 2538 armis
911 2483 984 2540 viris-

190 2583 241 2635 que
252 2564 343 2636 oampi,
356 2563 463 2619 densum
477 2563 604 2634 legionum
618 2579 717 2632 agmen,
731 2579 818 2632 sparsa
833 2560 983 2616 auxiliorum

190 2659 289 2707 manus,
308 2641 400 2696 altiora
419 2657 550 2695 murorum
571 2638 673 2709 sagittis
694 2647 739 2692 aut
763 2637 831 2693 saxis
849 2637 982 2702 incessere,

189 2717 308 2790 neglecta
325 2722 371 2773 aut
388 2735 442 2774 avo
459 2717 531 2772 fluxa
549 2715 689 2771 cornminus
709 2715 820 2786 aggredi.
856 2715 1005 2786 Ingemnt2

190 2794 300 2866 desuper
321 2794 460 2850 Othoniani
480 2793 539 2865 pilu,
562 2792 655 2848 librato
674 2793 754 2864 magis
775 2794 802 2846 et
826 2795 896 2846 certo
920 2791 982 2856 ictu,

191 2872 313 2928 adversus
324 2876 420 2928 temere
431 2871 570 2928 subeuntes
582 2871 699 2926 cohortes
712 2871 895 2925 Germanorum
906 2873 984 2922 cautu

191 2950 258 3021 truci
278 2953 305 3006 et
322 2969 392 3006 more
409 2949 493 3022 patrio
510 2948 585 3004 nudis
605 2946 753 3020 corporibus
771 2963 847 3016 super
864 2945 984 2998 humeros
