<?xml version="1.0" encoding="UTF-8"?>
<!DOCTYPE html PUBLIC "-//W3C//DTD XHTML 1.0 Transitional//EN"
    "http://www.w3.org/TR/xhtml1/DTD/xhtml1-transitional.dtd">
<html xmlns="http://www.w3.org/1999/xhtml" xml:lang="en" lang="en">
 <head>
  <title>
</title>
<meta http-equiv="Content-Type" content="text/html;charset=utf-8" />
  <meta name='ocr-system' content='tesseract 3.04.00' />
  <meta name='ocr-capabilities' content='ocr_page ocr_carea ocr_par ocr_line ocrx_word'/>
</head>
<body>
  <div class='ocr_page' id='page_1' title='image "./operaomniaadfid00tacigoog_0165.png"; bbox 0 0 2575 3592; ppageno 0'>
   <div class='ocr_carea' id='block_1_1' title="bbox 172 411 967 526">
    <p class='ocr_par' dir='ltr' id='par_1_1' title="bbox 172 411 967 526">
     <span class='ocr_line' id='line_1_1' title="bbox 368 411 967 471; baseline 0.018 -10"><span class='ocrx_word' id='word_1_1' title='bbox 368 411 618 461; x_wconf 78' lang='lat' dir='ltr'>HISTORIARUM</span> <span class='ocrx_word' id='word_1_2' title='bbox 636 411 682 459; x_wconf 86' lang='lat' dir='ltr'>IV.</span> <span class='ocrx_word' id='word_1_3' title='bbox 698 413 769 461; x_wconf 79' lang='lat'><strong>2-5.</strong></span> <span class='ocrx_word' id='word_1_4' title='bbox 922 422 967 471; x_wconf 79' lang='lat'>159</span> 
     </span>
     <span class='ocr_line' id='line_1_2' title="bbox 172 478 290 526; baseline 0.008 -9"><span class='ocrx_word' id='word_1_5' title='bbox 172 479 239 517; x_wconf 64' lang='lat' dir='ltr'>LI)</span> <span class='ocrx_word' id='word_1_6' title='bbox 247 478 290 526; x_wconf 65' lang='grc'>69]</span> 
     </span>
    </p>
   </div>
   <div class='ocr_carea' id='block_1_2' title="bbox 173 522 1001 2449">
    <p class='ocr_par' dir='ltr' id='par_1_2' title="bbox 173 522 1001 2447">
     <span class='ocr_line' id='line_1_3' title="bbox 174 522 970 615; baseline -0.005 -33"><span class='ocrx_word' id='word_1_7' title='bbox 174 530 271 615; x_wconf 87' lang='lat' dir='ltr'>quippe</span> <span class='ocrx_word' id='word_1_8' title='bbox 288 539 391 597; x_wconf 79' lang='lat' dir='ltr'>sumpta</span> <span class='ocrx_word' id='word_1_9' title='bbox 407 542 452 596; x_wconf 89' lang='lat' dir='ltr'>per</span> <span class='ocrx_word' id='word_1_10' title='bbox 469 524 563 580; x_wconf 83' lang='lat' dir='ltr'>Gallias</span> <span class='ocrx_word' id='word_1_11' title='bbox 580 524 769 595; x_wconf 77' lang='lat' dir='ltr'><strong>Hispaniasque</strong></span> <span class='ocrx_word' id='word_1_12' title='bbox 792 522 875 579; x_wconf 83' lang='lat' dir='ltr'>nivilla</span> <span class='ocrx_word' id='word_1_13' title='bbox 891 540 970 591; x_wconf 85' lang='lat' dir='ltr'>arma,</span> 
     </span>
     <span class='ocr_line' id='line_1_4' title="bbox 174 601 970 673; baseline -0.006 -14"><span class='ocrx_word' id='word_1_14' title='bbox 174 606 256 660; x_wconf 69' lang='lat' dir='ltr'>meotis</span> <span class='ocrx_word' id='word_1_15' title='bbox 280 604 312 658; x_wconf 91' lang='lat' dir='ltr'>ad</span> <span class='ocrx_word' id='word_1_16' title='bbox 336 601 429 659; x_wconf 89' lang='lat' dir='ltr'>bellum</span> <span class='ocrx_word' id='word_1_17' title='bbox 454 602 594 667; x_wconf 85' lang='lat' dir='ltr'>Germanis,</span> <span class='ocrx_word' id='word_1_18' title='bbox 616 620 676 657; x_wconf 88' lang='lat' dir='ltr'>mox</span> <span class='ocrx_word' id='word_1_19' title='bbox 698 602 810 673; x_wconf 78' lang='lat' dir='ltr'>illyrico,</span> <span class='ocrx_word' id='word_1_20' title='bbox 834 609 970 673; x_wconf 88' lang='lat' dir='ltr'>postquam</span> 
     </span>
     <span class='ocr_line' id='line_1_5' title="bbox 173 678 970 753; baseline -0.003 -19"><span class='ocrx_word' id='word_1_21' title='bbox 173 683 330 753; x_wconf 76' lang='lat' dir='ltr'>AEgyptum,</span> <span class='ocrx_word' id='word_1_22' title='bbox 347 678 472 743; x_wconf 70' lang='lat' dir='ltr'>sudeam,</span> <span class='ocrx_word' id='word_1_23' title='bbox 492 679 641 750; x_wconf 75' lang='lat' dir='ltr'>Syriamque</span> <span class='ocrx_word' id='word_1_24' title='bbox 661 682 688 733; x_wconf 91' lang='lat' dir='ltr'>et</span> <span class='ocrx_word' id='word_1_25' title='bbox 716 697 803 734; x_wconf 87' lang='lat' dir='ltr'>omnes</span> <span class='ocrx_word' id='word_1_26' title='bbox 827 678 970 749; x_wconf 78' lang='lat' dir='ltr'>provinoiaa</span> 
     </span>
     <span class='ocr_line' id='line_1_6' title="bbox 174 753 970 828; baseline -0.006 -15"><span class='ocrx_word' id='word_1_27' title='bbox 174 758 359 828; x_wconf 81' lang='lat' dir='ltr'>exercitusque</span> <span class='ocrx_word' id='word_1_28' title='bbox 374 756 553 824; x_wconf 76' lang='lat' dir='ltr'>lustraverant,</span> <span class='ocrx_word' id='word_1_29' title='bbox 564 756 634 811; x_wconf 84' lang='lat' dir='ltr'>velut</span> <span class='ocrx_word' id='word_1_30' title='bbox 647 756 748 827; x_wconf 82' lang='lat' dir='ltr'>expiato</span> <span class='ocrx_word' id='word_1_31' title='bbox 760 760 885 811; x_wconf 82' lang='lat' dir='ltr'>terrarum</span> <span class='ocrx_word' id='word_1_32' title='bbox 901 753 970 820; x_wconf 85' lang='lat' dir='ltr'>orbe,</span> 
     </span>
     <span class='ocr_line' id='line_1_7' title="bbox 174 832 992 906; baseline -0.005 -15"><span class='ocrx_word' id='word_1_33' title='bbox 174 835 361 906; x_wconf 82' lang='lat' dir='ltr'>oepisseiinom</span> <span class='ocrx_word' id='word_1_34' title='bbox 372 832 532 888; x_wconf 84' lang='lat' dir='ltr'>videbantur</span> <span class='ocrx_word' id='word_1_35' title='bbox 566 833 728 889; x_wconf 83' lang='lat' dir='ltr'>Addidereal</span> <span class='ocrx_word' id='word_1_36' title='bbox 774 834 862 889; x_wconf 88' lang='lat' dir='ltr'>&#39;tatem</span> <span class='ocrx_word' id='word_1_37' title='bbox 873 832 992 903; x_wconf 79' lang='lat' dir='ltr'>Vespa-5</span> 
     </span>
     <span class='ocr_line' id='line_1_8' title="bbox 175 909 973 989; baseline -0.005 -22"><span class='ocrx_word' id='word_1_38' title='bbox 175 914 246 967; x_wconf 82' lang='lat' dir='ltr'>siam</span> <span class='ocrx_word' id='word_1_39' title='bbox 237 912 344 989; x_wconf 75' lang='lat' dir='ltr'>litera,</span> <span class='ocrx_word' id='word_1_40' title='bbox 355 915 478 981; x_wconf 87' lang='lat' dir='ltr'>tanquam</span> <span class='ocrx_word' id='word_1_41' title='bbox 489 915 607 966; x_wconf 85' lang='lat' dir='ltr'>manente</span> <span class='ocrx_word' id='word_1_42' title='bbox 618 911 687 967; x_wconf 94' lang='lat' dir='ltr'>bello</span> <span class='ocrx_word' id='word_1_43' title='bbox 699 911 799 967; x_wconf 82' lang='lat' dir='ltr'>soritae</span> <span class='ocrx_word' id='word_1_44' title='bbox 778 910 881 967; x_wconf 79' lang='lat' dir='ltr'>aeEa</span> <span class='ocrx_word' id='word_1_45' title='bbox 891 909 973 985; x_wconf 89' lang='lat' dir='ltr'>prima</span> 
     </span>
     <span class='ocr_line' id='line_1_9' title="bbox 175 953 974 1061; baseline -0.005 -16"><span class='ocrx_word' id='word_1_46' title='bbox 175 990 264 1061; x_wconf 79' lang='lat' dir='ltr'>aperie</span> <span class='ocrx_word' id='word_1_47' title='bbox 280 975 379 1044; x_wconf 73' lang='lat' dir='ltr'>forma.</span> <span class='ocrx_word' id='word_1_48' title='bbox 397 991 518 1043; x_wconf 76' lang='lat' dir='ltr'>catenam</span> <span class='ocrx_word' id='word_1_49' title='bbox 534 992 564 1043; x_wconf 96' lang='lat' dir='ltr'>ut</span> <span class='ocrx_word' id='word_1_50' title='bbox 579 988 697 1060; x_wconf 88' lang='lat' dir='ltr'>prinoeps</span> <span class='ocrx_word' id='word_1_51' title='bbox 712 953 871 1059; x_wconf 81' lang='lat' dir='ltr'>loquebatur,</span> <span class='ocrx_word' id='word_1_52' title='bbox 890 986 974 1057; x_wconf 65' lang='grc' dir='ltr'>ιιιξιιιι</span> 
     </span>
     <span class='ocr_line' id='line_1_10' title="bbox 177 1064 974 1198; baseline -0.005 -76"><span class='ocrx_word' id='word_1_53' title='bbox 177 1067 215 1122; x_wconf 83' lang='lat' dir='ltr'>de</span> <span class='ocrx_word' id='word_1_54' title='bbox 232 1085 261 1121; x_wconf 90' lang='lat' dir='ltr'>se</span> <span class='ocrx_word' id='word_1_55' title='bbox 275 1070 303 1121; x_wconf 84' lang='lat' dir='ltr'>et</span> <span class='ocrx_word' id='word_1_56' title='bbox 317 1064 461 1137; x_wconf 72' lang='lat' dir='ltr'>reipublice</span> <span class='ocrx_word' id='word_1_57' title='bbox 477 1065 586 1137; x_wconf 83' lang='lat' dir='ltr'>egregia.</span> <span class='ocrx_word' id='word_1_58' title='bbox 629 1066 688 1121; x_wconf 89' lang='lat' dir='ltr'>Neo</span> <span class='ocrx_word' id='word_1_59' title='bbox 705 1070 777 1121; x_wconf 86' lang='lat' dir='ltr'>senat</span> <span class='ocrx_word' id='word_1_60' title='bbox 778 1084 808 1120; x_wconf 91' lang='lat' dir='ltr'>us</span> <span class='ocrx_word' id='word_1_61' title='bbox 810 1064 974 1198; x_wconf 78' lang='lat' dir='ltr'>tobsequium</span> 
     </span>
     <span class='ocr_line' id='line_1_11' title="bbox 177 1141 974 1215; baseline -0.004 -16"><span class='ocrx_word' id='word_1_62' title='bbox 177 1143 312 1199; x_wconf 86' lang='lat' dir='ltr'>deerat:</span> <span class='ocrx_word' id='word_1_63' title='bbox 304 1143 355 1215; x_wconf 87' lang='lat' dir='ltr'>rpsi</span> <span class='ocrx_word' id='word_1_64' title='bbox 371 1142 519 1199; x_wconf 80' lang='lat' dir='ltr'>consulatus</span> <span class='ocrx_word' id='word_1_65' title='bbox 536 1161 594 1198; x_wconf 89' lang='lat' dir='ltr'>oum</span> <span class='ocrx_word' id='word_1_66' title='bbox 611 1143 671 1197; x_wconf 76' lang='lat' dir='ltr'>Tito</span> <span class='ocrx_word' id='word_1_67' title='bbox 643 1142 746 1211; x_wconf 82' lang='lat' dir='ltr'>tillio,</span> <span class='ocrx_word' id='word_1_68' title='bbox 758 1146 822 1215; x_wconf 82' lang='lat' dir='ltr'>prat</span> <span class='ocrx_word' id='word_1_69' title='bbox 822 1160 870 1197; x_wconf 87' lang='lat' dir='ltr'>ura</span> <span class='ocrx_word' id='word_1_70' title='bbox 884 1141 974 1197; x_wconf 89' lang='lat' dir='ltr'>Domi·</span> 
     </span>
     <span class='ocr_line' id='line_1_12' title="bbox 177 1217 1000 1291; baseline -0.004 -15"><span class='ocrx_word' id='word_1_71' title='bbox 177 1222 253 1276; x_wconf 87' lang='lat' dir='ltr'>tiano</span> <span class='ocrx_word' id='word_1_72' title='bbox 267 1225 296 1275; x_wconf 90' lang='lat' dir='ltr'>et</span> <span class='ocrx_word' id='word_1_73' title='bbox 311 1220 441 1275; x_wconf 87' lang='lat' dir='ltr'>oonsulare</span> <span class='ocrx_word' id='word_1_74' title='bbox 457 1219 591 1290; x_wconf 88' lang='lat' dir='ltr'>imperium</span> <span class='ocrx_word' id='word_1_75' title='bbox 606 1220 785 1275; x_wconf 87' lang='lat' dir='ltr'>deoernuntur.</span> <span class='ocrx_word' id='word_1_76' title='bbox 821 1219 930 1275; x_wconf 81' lang='lat' dir='ltr'>Miserat</span> <span class='ocrx_word' id='word_1_77' title='bbox 947 1217 1000 1291; x_wconf 65' lang='lat' dir='ltr'>aar</span> 
     </span>
     <span class='ocr_line' id='line_1_13' title="bbox 177 1294 974 1369; baseline -0.004 -15"><span class='ocrx_word' id='word_1_78' title='bbox 177 1298 320 1354; x_wconf 80' lang='lat' dir='ltr'>Mucianus</span> <span class='ocrx_word' id='word_1_79' title='bbox 332 1296 450 1368; x_wconf 64' lang='lat' dir='ltr'>epistolas</span> <span class='ocrx_word' id='word_1_80' title='bbox 462 1296 494 1351; x_wconf 87' lang='lat' dir='ltr'>nd</span> <span class='ocrx_word' id='word_1_81' title='bbox 505 1302 631 1366; x_wconf 83' lang='lat' dir='ltr'>senatum,</span> <span class='ocrx_word' id='word_1_82' title='bbox 644 1316 700 1369; x_wconf 77' lang='lat' dir='ltr'>quae</span> <span class='ocrx_word' id='word_1_83' title='bbox 711 1296 843 1352; x_wconf 88' lang='lat' dir='ltr'>materiam</span> <span class='ocrx_word' id='word_1_84' title='bbox 855 1294 974 1352; x_wconf 88' lang='lat' dir='ltr'>sermoni·</span> 
     </span>
     <span class='ocr_line' id='line_1_14' title="bbox 178 1373 974 1446; baseline -0.004 -16"><span class='ocrx_word' id='word_1_85' title='bbox 178 1376 232 1430; x_wconf 87' lang='lat' dir='ltr'>bus</span> <span class='ocrx_word' id='word_1_86' title='bbox 243 1374 383 1445; x_wconf 74' lang='lat' dir='ltr'>prebuere.</span> <span class='ocrx_word' id='word_1_87' title='bbox 419 1374 447 1429; x_wconf 84' lang='lat' dir='ltr'>Si</span> <span class='ocrx_word' id='word_1_88' title='bbox 460 1374 576 1445; x_wconf 85' lang='lat' dir='ltr'>privatus</span> <span class='ocrx_word' id='word_1_89' title='bbox 590 1383 666 1440; x_wconf 79' lang='lat' dir='ltr'>esset,</span> <span class='ocrx_word' id='word_1_90' title='bbox 684 1393 730 1430; x_wconf 87' lang='lat' dir='ltr'>our</span> <span class='ocrx_word' id='word_1_91' title='bbox 743 1373 844 1446; x_wconf 75' lang='lat' dir='ltr'>publice</span> <span class='ocrx_word' id='word_1_92' title='bbox 859 1373 974 1445; x_wconf 86' lang='lat' dir='ltr'>loquere·</span> 
     </span>
     <span class='ocr_line' id='line_1_15' title="bbox 180 1450 975 1523; baseline 0 -18"><span class='ocrx_word' id='word_1_93' title='bbox 180 1452 249 1506; x_wconf 78' lang='lat' dir='ltr'>tur?</span> <span class='ocrx_word' id='word_1_94' title='bbox 267 1451 386 1505; x_wconf 80' lang='lat' dir='ltr'>Potuisse</span> <span class='ocrx_word' id='word_1_95' title='bbox 402 1450 490 1505; x_wconf 88' lang='lat' dir='ltr'>eadem</span> <span class='ocrx_word' id='word_1_96' title='bbox 506 1470 602 1521; x_wconf 87' lang='lat' dir='ltr'>pauoos</span> <span class='ocrx_word' id='word_1_97' title='bbox 619 1461 677 1522; x_wconf 89' lang='lat' dir='ltr'>post</span> <span class='ocrx_word' id='word_1_98' title='bbox 695 1452 749 1507; x_wconf 89' lang='lat' dir='ltr'>dies</span> <span class='ocrx_word' id='word_1_99' title='bbox 767 1451 823 1523; x_wconf 74' lang='lat' dir='ltr'>loeo</span> <span class='ocrx_word' id='word_1_100' title='bbox 843 1450 975 1521; x_wconf 73' lang='lat' dir='ltr'>sententiaa</span> 
     </span>
     <span class='ocr_line' id='line_1_16' title="bbox 183 1528 998 1599; baseline 0.002 -18"><span class='ocrx_word' id='word_1_101' title='bbox 183 1528 244 1582; x_wconf 79' lang='lat' dir='ltr'>diei</span> <span class='ocrx_word' id='word_1_102' title='bbox 280 1528 342 1599; x_wconf 91' lang='lat' dir='ltr'>Ipsa</span> <span class='ocrx_word' id='word_1_103' title='bbox 353 1546 452 1599; x_wconf 90' lang='lat' dir='ltr'>quoque</span> <span class='ocrx_word' id='word_1_104' title='bbox 466 1528 600 1583; x_wconf 84' lang='lat' dir='ltr'>insectatio</span> <span class='ocrx_word' id='word_1_105' title='bbox 615 1530 644 1583; x_wconf 90' lang='lat' dir='ltr'>in</span> <span class='ocrx_word' id='word_1_106' title='bbox 655 1529 789 1599; x_wconf 71' lang='lat' dir='ltr'>Vitellium</span> <span class='ocrx_word' id='word_1_107' title='bbox 806 1546 863 1583; x_wconf 86' lang='lat' dir='ltr'>sera</span> <span class='ocrx_word' id='word_1_108' title='bbox 878 1532 905 1583; x_wconf 90' lang='lat' dir='ltr'>et</span> <span class='ocrx_word' id='word_1_109' title='bbox 921 1528 998 1597; x_wconf 74' lang='lat' dir='ltr'>sinet</span> 
     </span>
     <span class='ocr_line' id='line_1_17' title="bbox 182 1604 978 1678; baseline -0.004 -17"><span class='ocrx_word' id='word_1_110' title='bbox 182 1605 312 1677; x_wconf 64' lang='lat' dir='ltr'>libeptate.</span> <span class='ocrx_word' id='word_1_111' title='bbox 354 1604 387 1660; x_wconf 91' lang='lat' dir='ltr'>Id</span> <span class='ocrx_word' id='word_1_112' title='bbox 404 1624 465 1660; x_wconf 87' lang='lat' dir='ltr'>vero</span> <span class='ocrx_word' id='word_1_113' title='bbox 480 1624 542 1678; x_wconf 83' lang='lat' dir='ltr'>erga</span> <span class='ocrx_word' id='word_1_114' title='bbox 556 1606 737 1677; x_wconf 78' lang='lat' dir='ltr'>rempublicam</span> <span class='ocrx_word' id='word_1_115' title='bbox 755 1604 900 1677; x_wconf 85' lang='lat' dir='ltr'>superbum,</span> <span class='ocrx_word' id='word_1_116' title='bbox 916 1622 978 1675; x_wconf 86' lang='lat' dir='ltr'>erga</span> 
     </span>
     <span class='ocr_line' id='line_1_18' title="bbox 182 1682 977 1755; baseline -0.003 -18"><span class='ocrx_word' id='word_1_117' title='bbox 182 1682 325 1755; x_wconf 84' lang='lat' dir='ltr'>prinoipem</span> <span class='ocrx_word' id='word_1_118' title='bbox 344 1682 562 1748; x_wconf 86' lang='lat' dir='ltr'>eontumeliosnm,</span> <span class='ocrx_word' id='word_1_119' title='bbox 586 1683 655 1754; x_wconf 89' lang='lat' dir='ltr'>quod</span> <span class='ocrx_word' id='word_1_120' title='bbox 675 1684 702 1739; x_wconf 90' lang='lat' dir='ltr'>in</span> <span class='ocrx_word' id='word_1_121' title='bbox 726 1702 803 1739; x_wconf 91' lang='lat' dir='ltr'>manu</span> <span class='ocrx_word' id='word_1_122' title='bbox 827 1701 874 1737; x_wconf 87' lang='lat' dir='ltr'>sua</span> <span class='ocrx_word' id='word_1_123' title='bbox 896 1682 977 1736; x_wconf 87' lang='lat' dir='ltr'>fuisse</span> 
     </span>
     <span class='ocr_line' id='line_1_19' title="bbox 181 1758 978 1833; baseline -0.001 -17"><span class='ocrx_word' id='word_1_124' title='bbox 181 1760 319 1831; x_wconf 84' lang='lat' dir='ltr'>imparium</span> <span class='ocrx_word' id='word_1_125' title='bbox 331 1758 503 1831; x_wconf 87' lang='lat' dir='ltr'>donatumque</span> <span class='ocrx_word' id='word_1_126' title='bbox 518 1760 676 1831; x_wconf 84' lang='lat' dir='ltr'>Vespasiano</span> <span class='ocrx_word' id='word_1_127' title='bbox 692 1760 813 1833; x_wconf 79' lang='lat' dir='ltr'>jactabat</span> <span class='ocrx_word' id='word_1_128' title='bbox 850 1760 978 1821; x_wconf 78' lang='lat' dir='ltr'>Caeterum</span> 
     </span>
     <span class='ocr_line' id='line_1_20' title="bbox 182 1836 999 1909; baseline -0.006 -16"><span class='ocrx_word' id='word_1_129' title='bbox 182 1836 318 1893; x_wconf 85' lang='grc' dir='ltr'>ιιιιιιιιιιιι</span> <span class='ocrx_word' id='word_1_130' title='bbox 328 1836 429 1891; x_wconf 80' lang='lat' dir='ltr'>occulto</span> <span class='ocrx_word' id='word_1_131' title='bbox 429 1836 698 1909; x_wconf 80' lang='lat' dir='ltr'>‚aduulatioinaperto</span> <span class='ocrx_word' id='word_1_132' title='bbox 710 1842 790 1893; x_wconf 86' lang='lat' dir='ltr'>erant.</span> <span class='ocrx_word' id='word_1_133' title='bbox 771 1837 906 1893; x_wconf 88' lang='lat' dir='ltr'>tMulto</span> <span class='ocrx_word' id='word_1_134' title='bbox 918 1840 999 1892; x_wconf 73' lang='lat' dir='ltr'>oumt</span> 
     </span>
     <span class='ocr_line' id='line_1_21' title="bbox 181 1913 978 1991; baseline -0.001 -22"><span class='ocrx_word' id='word_1_135' title='bbox 181 1914 280 1969; x_wconf 89' lang='lat' dir='ltr'>honore</span> <span class='ocrx_word' id='word_1_136' title='bbox 291 1913 428 1969; x_wconf 80' lang='lat' dir='ltr'>verborum</span> <span class='ocrx_word' id='word_1_137' title='bbox 439 1914 560 1969; x_wconf 83' lang='lat' dir='ltr'>Muciano</span> <span class='ocrx_word' id='word_1_138' title='bbox 577 1915 738 1991; x_wconf 87' lang='lat' dir='ltr'>triumphalia</span> <span class='ocrx_word' id='word_1_139' title='bbox 756 1914 788 1985; x_wconf 80' lang='lat' dir='ltr'>de</span> <span class='ocrx_word' id='word_1_140' title='bbox 805 1914 906 1971; x_wconf 89' lang='lat' dir='ltr'>bello</span> <span class='ocrx_word' id='word_1_141' title='bbox 884 1914 978 1970; x_wconf 79' lang='lat' dir='ltr'>arvium</span> 
     </span>
     <span class='ocr_line' id='line_1_22' title="bbox 183 1984 979 2065; baseline -0.001 -19"><span class='ocrx_word' id='word_1_142' title='bbox 183 1991 263 2046; x_wconf 85' lang='lat' dir='ltr'>data:</span> <span class='ocrx_word' id='word_1_143' title='bbox 281 1990 346 2046; x_wconf 83' lang='lat' dir='ltr'>aed</span> <span class='ocrx_word' id='word_1_144' title='bbox 338 2010 367 2045; x_wconf 90' lang='grc' dir='ltr'>ιι</span> <span class='ocrx_word' id='word_1_145' title='bbox 377 1992 505 2045; x_wconf 81' lang='lat' dir='ltr'>Sarmatas</span> <span class='ocrx_word' id='word_1_146' title='bbox 517 1991 644 2062; x_wconf 75' lang='lat' dir='ltr'>expeditio</span> <span class='ocrx_word' id='word_1_147' title='bbox 653 1992 805 2065; x_wconf 88' lang='lat' dir='ltr'>fingeba</span> <span class='ocrx_word' id='word_1_148' title='bbox 825 1984 947 2047; x_wconf 76' lang='lat' dir='ltr'>Addua</span> <span class='ocrx_word' id='word_1_149' title='bbox 935 1996 979 2046; x_wconf 88' lang='lat' dir='ltr'>ur</span> 
     </span>
     <span class='ocr_line' id='line_1_23' title="bbox 184 2036 978 2134; baseline 0 -11"><span class='ocrx_word' id='word_1_150' title='bbox 184 2068 273 2123; x_wconf 84' lang='lat' dir='ltr'>Primo</span> <span class='ocrx_word' id='word_1_151' title='bbox 295 2067 410 2122; x_wconf 87' lang='lat' dir='ltr'>Antonio</span> <span class='ocrx_word' id='word_1_152' title='bbox 433 2067 581 2134; x_wconf 79' lang='grc' dir='ltr'>ιοιιιιιιιιι,</span> <span class='ocrx_word' id='word_1_153' title='bbox 607 2069 725 2125; x_wconf 88' lang='lat' dir='ltr'>Cornelio</span> <span class='ocrx_word' id='word_1_154' title='bbox 747 2036 831 2125; x_wconf 80' lang='lat' dir='ltr'>Fusbo</span> <span class='ocrx_word' id='word_1_155' title='bbox 855 2073 882 2124; x_wconf 92' lang='lat' dir='ltr'>et</span> <span class='ocrx_word' id='word_1_156' title='bbox 902 2068 978 2123; x_wconf 79' lang='lat' dir='ltr'>Arrio</span> 
     </span>
     <span class='ocr_line' id='line_1_24' title="bbox 185 2144 1001 2217; baseline -0.001 -17"><span class='ocrx_word' id='word_1_157' title='bbox 185 2145 259 2200; x_wconf 81' lang='lat' dir='ltr'>Varo</span> <span class='ocrx_word' id='word_1_158' title='bbox 275 2144 412 2214; x_wconf 78' lang='lat' dir='ltr'>pretoria</span> <span class='ocrx_word' id='word_1_159' title='bbox 404 2144 521 2217; x_wconf 76' lang='lat' dir='ltr'>insignia</span> <span class='ocrx_word' id='word_1_160' title='bbox 556 2146 622 2201; x_wconf 83' lang='lat' dir='ltr'>Mox</span> <span class='ocrx_word' id='word_1_161' title='bbox 633 2146 695 2201; x_wconf 92' lang='lat' dir='ltr'>deos</span> <span class='ocrx_word' id='word_1_162' title='bbox 707 2164 858 2217; x_wconf 83' lang='lat' dir='ltr'>respexero</span> <span class='ocrx_word' id='word_1_163' title='bbox 876 2146 951 2211; x_wconf 79' lang='lat' dir='ltr'>restit</span> <span class='ocrx_word' id='word_1_164' title='bbox 951 2144 1001 2199; x_wconf 75' lang='lat' dir='ltr'>nit</span> 
     </span>
     <span class='ocr_line' id='line_1_25' title="bbox 186 2220 980 2297; baseline 0 -22"><span class='ocrx_word' id='word_1_165' title='bbox 186 2220 341 2292; x_wconf 81' lang='lat' dir='ltr'>Capitolium</span> <span class='ocrx_word' id='word_1_166' title='bbox 357 2220 461 2297; x_wconf 88' lang='lat' dir='ltr'>plnonit.</span> <span class='ocrx_word' id='word_1_167' title='bbox 496 2222 585 2293; x_wconf 80' lang='lat' dir='ltr'>ltaque</span> <span class='ocrx_word' id='word_1_168' title='bbox 603 2224 689 2279; x_wconf 89' lang='lat' dir='ltr'>omnia</span> <span class='ocrx_word' id='word_1_169' title='bbox 706 2224 825 2279; x_wconf 85' lang='lat' dir='ltr'>Valerius</span> <span class='ocrx_word' id='word_1_170' title='bbox 841 2222 980 2289; x_wconf 78' lang='lat' dir='ltr'>Asiaticus,</span> 
     </span>
     <span class='ocr_line' id='line_1_26' title="bbox 185 2284 980 2386; baseline -0.003 -31"><span class='ocrx_word' id='word_1_171' title='bbox 185 2284 440 2386; x_wconf 75' lang='lat' dir='ltr'>oonaatldesignatus,</span> <span class='ocrx_word' id='word_1_172' title='bbox 450 2299 564 2353; x_wconf 76' lang='lat' dir='ltr'>ornauit:</span> <span class='ocrx_word' id='word_1_173' title='bbox 577 2300 727 2374; x_wconf 74' lang='lat' dir='ltr'>eaeterivult</span> <span class='ocrx_word' id='word_1_174' title='bbox 706 2304 888 2374; x_wconf 82' lang='lat' dir='ltr'>turnanuque,</span> <span class='ocrx_word' id='word_1_175' title='bbox 898 2298 980 2369; x_wconf 80' lang='lat' dir='ltr'>pauci,</span> 
     </span>
     <span class='ocr_line' id='line_1_27' title="bbox 184 2368 981 2449; baseline -0.001 -18"><span class='ocrx_word' id='word_1_176' title='bbox 184 2374 282 2447; x_wconf 86' lang='lat' dir='ltr'>quibus</span> <span class='ocrx_word' id='word_1_177' title='bbox 306 2375 440 2445; x_wconf 88' lang='lat' dir='ltr'>oonspioua</span> <span class='ocrx_word' id='word_1_178' title='bbox 468 2368 581 2447; x_wconf 83' lang='lat' dir='ltr'>dignitas</span> <span class='ocrx_word' id='word_1_179' title='bbox 608 2378 689 2431; x_wconf 85' lang='grc' dir='ltr'>ιιι</span> <span class='ocrx_word' id='word_1_180' title='bbox 682 2377 813 2449; x_wconf 75' lang='lat' dir='ltr'>moenium</span> <span class='ocrx_word' id='word_1_181' title='bbox 836 2375 981 2431; x_wconf 86' lang='lat' dir='ltr'>adulatione</span> 
     </span>
    </p>
   </div>
   <div class='ocr_carea' id='block_1_3' title="bbox 185 2452 1077 2523">
    <p class='ocr_par' dir='ltr' id='par_1_3' title="bbox 185 2452 1077 2523">
     <span class='ocr_line' id='line_1_28' title="bbox 185 2452 1077 2523; baseline 0.001 -14"><span class='ocrx_word' id='word_1_182' title='bbox 185 2452 339 2516; x_wconf 73' lang='grc' dir='ltr'>ικιιιιιιιιιι,</span> <span class='ocrx_word' id='word_1_183' title='bbox 352 2452 891 2527; x_wconf 64' lang='lat' dir='ltr'>compositisorationibusassantiebanmr</span> <span class='ocrx_word' id='word_1_184' title='bbox 927 2453 1002 2509; x_wconf 81' lang='lat' dir='ltr'>Ubia</span> <span class='ocrx_word' id='word_1_185' title='bbox 1071 2464 1077 2481; x_wconf 72' lang='lat'>⁸</span> 
     </span>
    </p>
   </div>
   <div class='ocr_carea' id='block_1_4' title="bbox 186 2518 982 2835">
    <p class='ocr_par' dir='ltr' id='par_1_4' title="bbox 186 2518 982 2835">
     <span class='ocr_line' id='line_1_29' title="bbox 186 2518 980 2603; baseline 0.001 -18"><span class='ocrx_word' id='word_1_186' title='bbox 186 2528 222 2585; x_wconf 85' lang='lat' dir='ltr'>ad</span> <span class='ocrx_word' id='word_1_187' title='bbox 234 2528 385 2585; x_wconf 84' lang='lat' dir='ltr'>Helvidium</span> <span class='ocrx_word' id='word_1_188' title='bbox 397 2529 522 2593; x_wconf 76' lang='lat' dir='ltr'>Priscum,</span> <span class='ocrx_word' id='word_1_189' title='bbox 533 2534 668 2602; x_wconf 77' lang='lat' dir='ltr'>praetorem</span> <span class='ocrx_word' id='word_1_190' title='bbox 681 2518 849 2603; x_wconf 84' lang='lat' dir='ltr'>designatum,</span> <span class='ocrx_word' id='word_1_191' title='bbox 867 2534 980 2596; x_wconf 82' lang='lat' dir='ltr'>ventum,</span> 
     </span>
     <span class='ocr_line' id='line_1_30' title="bbox 187 2607 982 2680; baseline 0.003 -19"><span class='ocrx_word' id='word_1_192' title='bbox 187 2607 314 2677; x_wconf 88' lang='lat' dir='ltr'>prompsit</span> <span class='ocrx_word' id='word_1_193' title='bbox 332 2607 485 2663; x_wconf 87' lang='lat' dir='ltr'>sententiam</span> <span class='ocrx_word' id='word_1_194' title='bbox 504 2611 534 2661; x_wconf 93' lang='lat' dir='ltr'>ut</span> <span class='ocrx_word' id='word_1_195' title='bbox 554 2608 717 2663; x_wconf 81' lang='lat' dir='ltr'>honorificam</span> <span class='ocrx_word' id='word_1_196' title='bbox 734 2610 762 2663; x_wconf 89' lang='lat' dir='ltr'>in</span> <span class='ocrx_word' id='word_1_197' title='bbox 778 2608 873 2664; x_wconf 89' lang='lat' dir='ltr'>bonum</span> <span class='ocrx_word' id='word_1_198' title='bbox 891 2609 982 2680; x_wconf 88' lang='lat' dir='ltr'>prinoi-</span> 
     </span>
     <span class='ocr_line' id='line_1_31' title="bbox 187 2682 981 2755; baseline 0.003 -18"><span class='ocrx_word' id='word_1_199' title='bbox 187 2701 256 2755; x_wconf 78' lang='lat' dir='ltr'>pem,</span> <span class='ocrx_word' id='word_1_200' title='bbox 279 2682 344 2738; x_wconf 80' lang='lat' dir='ltr'>falsa</span> <span class='ocrx_word' id='word_1_201' title='bbox 373 2684 486 2750; x_wconf 88' lang='lat' dir='ltr'>aberant,</span> <span class='ocrx_word' id='word_1_202' title='bbox 516 2687 544 2740; x_wconf 90' lang='lat' dir='ltr'>et</span> <span class='ocrx_word' id='word_1_203' title='bbox 565 2685 659 2741; x_wconf 85' lang='lat' dir='ltr'>studiis</span> <span class='ocrx_word' id='word_1_204' title='bbox 683 2690 786 2741; x_wconf 77' lang='lat' dir='ltr'>sumtus</span> <span class='ocrx_word' id='word_1_205' title='bbox 810 2685 981 2741; x_wconf 88' lang='lat' dir='ltr'>attollebatur.</span> 
     </span>
     <span class='ocr_line' id='line_1_32' title="bbox 188 2760 982 2835; baseline 0.001 -20"><span class='ocrx_word' id='word_1_206' title='bbox 188 2761 271 2830; x_wconf 80' lang='lat' dir='ltr'>Isque</span> <span class='ocrx_word' id='word_1_207' title='bbox 287 2760 429 2832; x_wconf 78' lang='lat' dir='ltr'>praoipuns</span> <span class='ocrx_word' id='word_1_208' title='bbox 449 2762 488 2817; x_wconf 89' lang='lat' dir='ltr'>illi</span> <span class='ocrx_word' id='word_1_209' title='bbox 508 2762 569 2827; x_wconf 84' lang='lat' dir='ltr'>dies,</span> <span class='ocrx_word' id='word_1_210' title='bbox 588 2781 687 2835; x_wconf 82' lang='lat' dir='ltr'>magna</span> <span class='ocrx_word' id='word_1_211' title='bbox 707 2763 837 2819; x_wconf 82' lang='lat' dir='ltr'>offensa&#39;</span> <span class='ocrx_word' id='word_1_212' title='bbox 829 2763 877 2818; x_wconf 90' lang='lat' dir='ltr'>mit</span> <span class='ocrx_word' id='word_1_213' title='bbox 877 2764 931 2817; x_wconf 91' lang='lat' dir='ltr'>ium</span> <span class='ocrx_word' id='word_1_214' title='bbox 955 2764 982 2817; x_wconf 89' lang='lat' dir='ltr'>et</span> 
     </span>
    </p>
   </div>
   <div class='ocr_carea' id='block_1_5' title="bbox 187 2836 1008 3003">
    <p class='ocr_par' dir='ltr' id='par_1_5' title="bbox 187 2836 1008 2988">
     <span class='ocr_line' id='line_1_33' title="bbox 187 2836 458 2908; baseline 0.004 -16"><span class='ocrx_word' id='word_1_215' title='bbox 187 2854 290 2908; x_wconf 77' lang='lat' dir='ltr'>magma</span> <span class='ocrx_word' id='word_1_216' title='bbox 300 2836 449 2907; x_wconf 83' lang='lat' dir='ltr'>glorimt</span> <span class='ocrx_word' id='word_1_217' title='bbox 398 2839 458 2893; x_wconf 82' lang='lat' dir='ltr'>luit.</span> 
     </span>
     <span class='ocr_line' id='line_1_34' title="bbox 225 2882 1008 3003; baseline 0.004 -32"><span class='ocrx_word' id='word_1_218' title='bbox 225 2914 282 2971; x_wconf 84' lang='lat' dir='ltr'>Rea</span> <span class='ocrx_word' id='word_1_219' title='bbox 293 2931 397 3003; x_wconf 74' lang='lat' dir='ltr'>posome</span> <span class='ocrx_word' id='word_1_220' title='bbox 413 2916 521 2982; x_wconf 63' lang='lat' dir='ltr'>udatur,</span> <span class='ocrx_word' id='word_1_221' title='bbox 535 2916 594 2988; x_wconf 82' lang='lat' dir='ltr'>qnia</span> <span class='ocrx_word' id='word_1_222' title='bbox 610 2916 723 2971; x_wconf 88' lang='lat' dir='ltr'>iterum</span> <span class='ocrx_word' id='word_1_223' title='bbox 715 2936 743 2972; x_wconf 92' lang='lat' dir='ltr'>m</span> <span class='ocrx_word' id='word_1_224' title='bbox 757 2882 929 2974; x_wconf 74' lang='lat' dir='ltr'>mentionem</span> <span class='ocrx_word' id='word_1_225' title='bbox 921 2915 983 2970; x_wconf 84' lang='lat' dir='ltr'>moi·</span> <span class='ocrx_word' id='word_1_226' title='bbox 972 2921 1008 2974; x_wconf 82' lang='lat'>-5</span> 
     </span>
    </p>
   </div>
   <div class='ocr_carea' id='block_1_6' title="bbox 188 2980 983 3073">
    <p class='ocr_par' dir='ltr' id='par_1_6' title="bbox 188 2980 983 3073">
     <span class='ocr_line' id='line_1_35' title="bbox 188 2980 983 3073; baseline -0.005 -24"><span class='ocrx_word' id='word_1_227' title='bbox 188 2991 313 3049; x_wconf 82' lang='lat' dir='ltr'>dimna</span> <span class='ocrx_word' id='word_1_228' title='bbox 288 2991 338 3048; x_wconf 83' lang='grc' dir='ltr'>ιιιι</span> <span class='ocrx_word' id='word_1_229' title='bbox 349 2995 442 3073; x_wconf 73' lang='lat' dir='ltr'>sapius</span> <span class='ocrx_word' id='word_1_230' title='bbox 458 2994 621 3059; x_wconf 84' lang='lat' dir='ltr'>memorandi,</span> <span class='ocrx_word' id='word_1_231' title='bbox 633 2980 665 3049; x_wconf 81' lang='lat' dir='ltr'>ut</span> <span class='ocrx_word' id='word_1_232' title='bbox 677 2995 757 3050; x_wconf 87' lang='lat' dir='ltr'>vitam</span> <span class='ocrx_word' id='word_1_233' title='bbox 716 2991 941 3063; x_wconf 85' lang='lat' dir='ltr'>amstudiaquo&#39;</span> <span class='ocrx_word' id='word_1_234' title='bbox 919 3009 983 3063; x_wconf 69' lang='lat' dir='ltr'>epus,</span> 
     </span>
    </p>
   </div>
   <div class='ocr_carea' id='block_1_7' title="bbox 0 0 1310 3592">
    <p class='ocr_par' dir='ltr' id='par_1_7' title="bbox 0 0 1310 3592">
     <span class='ocr_line' id='line_1_36' title="bbox 0 0 1310 3592; baseline 0 0"><span class='ocrx_word' id='word_1_235' title='bbox 0 0 1310 3592; x_wconf 95' lang='lat' dir='ltr'> </span> 
     </span>
    </p>
   </div>
  </div>
 </body>
</html>
