2575 3592
415 392 595 440 AGRICOLA
611 394 715 440 25-29.
916 393 960 444 271

181 456 209 495 s.
217 454 241 493 n.
254 455 296 502 aa]

180 503 331 561 riderentur.
367 500 443 560 Quod
459 501 509 556 nisi
521 501 625 571 paludes
641 505 669 556 et
685 501 754 558 silve
771 503 896 574 fugientes
908 507 964 558 tex-

179 581 267 643 issent,
279 577 430 633 debellatum
447 577 492 631 illa
505 578 613 632 victoria
628 578 702 632 foret.
739 579 820 650 (hujus
836 574 1009 635 consciam-27

179 658 218 712 tia
234 674 262 710 ac
278 655 345 709 fama
362 654 433 708 ferox
450 654 587 722 exercitus,
602 654 666 709 nihil
682 655 772 710 virtuti
789 675 841 711 sure
858 657 961 721 invium,

180 739 208 788 et
227 731 405 803 penetrandam
431 730 587 787 Caledoniam
611 731 838 805 inveniendumque
861 732 963 786 tandem
1050 804 1054 814 ,

180 809 317 865 Britannia
339 807 475 862 terminum
500 808 619 862 continuo
642 808 786 878 praeliorum
809 828 892 874 cursu,
913 809 963 863 fre-

180 886 289 942 mebant.
323 887 408 955 Atque
422 883 466 948 illi,
482 883 557 938 modo
571 885 640 939 cauti
656 903 686 940 ac
702 885 836 956 sapientes,
853 885 987 957 promptia

180 968 238 1035 post
255 965 373 1016 eventum
393 978 422 1014 ac
439 960 593 1032 magniloqui
612 968 692 1016 erant.
728 962 890 1034 Iniquissima
909 962 963 1018 hmo

180 1040 302 1096 bellorum
319 1037 429 1092 conditio
447 1042 502 1092 est:
520 1056 642 1109 prospera
658 1057 744 1094 omnes
761 1039 810 1094 sibi
826 1039 961 1106 vindicant,

179 1116 286 1171 adversa
301 1115 347 1169 uni
363 1115 529 1185 imputantur,
564 1116 601 1169 At
621 1115 739 1170 Britanni
756 1115 774 1187 †
791 1134 843 1171 non
860 1118 986 1182 virtutes

179 1193 226 1250 sed
245 1191 374 1248 occasione
393 1196 420 1247 et
440 1196 495 1246 arte
515 1191 587 1246 ducis
606 1192 663 1258 rati,
684 1192 747 1248 nihil
767 1211 798 1248 ex
819 1194 964 1266 arrogantia

179 1269 316 1334 remittere,
337 1268 489 1339 quominus
506 1271 669 1339 juventutem
689 1273 822 1335 armarent,
844 1274 964 1343 conjuges

180 1365 210 1402 ac
227 1346 318 1401 liberos
333 1345 360 1399 in
377 1344 432 1400 loca
447 1348 506 1400 tuta
520 1346 697 1410 transferrent,
713 1346 820 1402 coetibus
839 1365 869 1402 ao
889 1348 964 1402 sacu-

178 1423 243 1479 liciis
256 1421 472 1493 ,conspirationem
496 1421 628 1477 civitatum
651 1423 786 1479 sancirent.
822 1424 908 1494 Atque
928 1424 965 1478 ita

179 1500 286 1557 irritatis
296 1501 416 1570 utrinque
428 1499 517 1554 animis
529 1499 675 1554 decessum.

215 1577 310 1631 Eadem
322 1580 409 1631 astate
420 1575 510 1630 cohors
522 1576 677 1647 Usipiorum,
690 1595 735 1647 per
750 1575 895 1631 Germanias
907 1593 965 1630 con-
973 1573 1011 1628 28

180 1654 282 1724 scripta,
293 1658 320 1708 et
331 1653 359 1707 in
369 1652 527 1708 Britanniam
538 1653 693 1718 transmissa,
703 1671 823 1724 magnum
834 1671 863 1708 ac
874 1671 965 1708 memo

180 1730 258 1786 rabile
269 1729 367 1785 facinus
378 1747 440 1783 ausa
451 1734 498 1784 cst.
534 1729 625 1785 Occiso
637 1731 784 1786 centurione
796 1747 825 1785 ao
836 1729 990 1798 militibnqt

180 1809 232 1880 qui,
246 1807 279 1862 ad
298 1805 446 1862 tradendam
466 1805 622 1876 disciplinam
640 1807 749 1862 immixti
768 1807 910 1878 manipulis,
923 1827 967 1863 ex·

180 1883 291 1955 emplum
302 1887 329 1938 et
343 1886 454 1937 rectores
469 1881 633 1948 habebantur,
647 1887 700 1940 tres
716 1883 858 1948 liburnicas,
871 1883 967 1940 adacta

179 1961 291 2033 pervim
306 1959 525 2031 gubernatoribus,
542 1960 676 2015 ascendere
684 1983 692 2028 ;
710 1965 737 2016 et
753 1979 804 2016 uno
819 1961 966 2034 remigante,

179 2037 306 2108 suspectis
318 2036 416 2092 duobus
428 2054 507 2108 eoque
522 2037 672 2102 interfectis,
683 2037 795 2093 nondum
810 2038 914 2108 vulgato
925 2057 968 2093 ru·

180 2132 259 2178 more,
275 2118 306 2168 ut
317 2112 466 2168 mmaculnm
483 2113 698 2184 praerehebantur.
715 2113 733 2184 †
750 2115 815 2168 Mox
830 2114 862 2168 ad
877 2121 992 2185 squama

180 2193 260 2260 atque
276 2194 306 2244 ut
321 2189 364 2245 illa
379 2190 459 2260 raptis
478 2208 564 2245 secum
581 2189 708 2260 plerisque
725 2189 905 2245 Britannorum
923 2209 969 2246 sua

181 2266 366 2322 defensantium
384 2266 473 2338 prelio
492 2266 628 2338 congressi,
653 2283 683 2320 ac
703 2284 768 2337 sepe
788 2266 904 2331 victores,
926 2266 969 2322 aii·

180 2341 284 2416 quando
299 2343 371 2414 pulsi,
384 2363 414 2399 eo
431 2343 463 2398 ad
478 2348 622 2398 extremum
635 2342 728 2413 inopiae
743 2360 841 2408 venero,
854 2347 885 2398 ut
900 2343 969 2399 infir-

178 2420 425 2487 missimossuomm,
433 2419 846 2475 moxsorteductosrescerentur.
882 2421 995 2494 Atque4

179 2497 345 2552 circumvecti
360 2497 526 2566 Britanniam,
543 2497 640 2552 amissis
659 2515 704 2567 per
723 2496 849 2552 inscitiam
866 2498 970 2571 regendi

179 2574 296 2639 navibus,
320 2592 367 2645 pro
377 2574 536 2645 predonibus
551 2573 639 2641 habiti,
651 2573 759 2645 primum
775 2573 897 2641 usuaria,
910 2594 970 2631 mox

178 2669 195 2706 a
206 2650 296 2706 Frisiis
304 2649 440 2722 intercepti
447 2655 516 2706 sunt.
550 2653 590 2706 Ac
598 2651 677 2715 inere,
688 2668 759 2722 quos,
769 2659 814 2721 per
822 2652 993 2708 commercia&

177 2726 355 2792 venumdatos,
363 2733 389 2783 et
401 2728 429 2783 in
436 2732 548 2783 nostram
557 2745 639 2798 usque
647 2727 728 2798 ripam
739 2728 879 2784 mutatione
888 2747 970 2783 emen·

176 2806 246 2862 tium
259 2804 522 2870 adductos‚indicium
533 2804 600 2859 tanti
611 2803 841 2860 casusillustravit.
978 2819 1017 2874 29

176 2977 248 3016 anno
273 2962 334 3014 anto
356 2963 445 3015 natum
467 2959 547 3015 tilium
574 2958 667 3014 amisit.
710 2959 794 3020 Quem
817 2976 903 3015 casum
927 2976 971 3015 ne·
985 2941 1032 3032 ff:

991 3043 1024 3082 84.

226 2882 308 2938 mitio
331 2883 428 2938 utatis
458 2881 579 2954 Agricola
605 2881 744 2938 domestico
767 2881 871 2937 vulnero
893 2881 1043 2948 ictuatus·
1140 2929 1141 2932 ,
