2575 3592
293 369 325 416 60
626 369 748 418 TACITI
1145 297 1146 344 i

936 431 1097 480 [aucam.

295 478 422 550 exciperet
440 483 529 534 contra
546 484 682 536 veteranus
700 481 779 547 miles,
797 479 872 535 simul
888 497 904 534 a
920 479 1001 536 latere
1019 481 1099 536 saxis

295 561 399 628 urgeret
411 563 471 626 apta
480 556 512 611 ad
520 557 664 628 jaciendum
677 559 754 614 etiam
766 577 920 630 paganorum
933 577 1034 624 manus,
1050 557 1102 629 qui

242 641 247 650 ‘
297 633 378 704 sparsi
389 633 456 688 inter
466 634 567 700 milites,
581 635 680 690 streuui
694 635 837 708 ignavique,
856 635 884 689 iu
899 634 1006 690 victoria
1022 634 1101 690 idem

273 709 432 768 tundebant.
469 711 581 766 Additus
602 712 725 784 perculsis
744 717 827 768 terror
845 711 947 766 invecta
969 711 998 766 in
1018 719 1102 783 terga

298 787 465 858 pugnantium
489 788 577 844 classe.
621 790 665 844 Ita
688 789 800 862 undique
827 789 921 856 clausi;
952 789 1101 860 deletaeque

299 882 385 919 omnes
400 864 478 936 eopiae
495 865 587 932 forent,
604 866 632 921 ni
648 867 769 923 victorem
787 867 927 923 exereitum
943 866 1101 922 attinuisset

253 942 290 997 15
299 941 436 996 obscurum
447 943 537 1009 noctis,
550 943 669 1000 obtentui
680 944 846 1016 fugientibus.
883 945 940 1000 Nec
951 943 1100 1009 Vitelliani,

299 1037 443 1090 quanquam
466 1020 535 1086 victi,
560 1022 686 1106 quieveqe.
729 1023 827 1078 Accitis
851 1022 951 1076 auxiliis
975 1039 1101 1076 securum

299 1096 399 1151 hostem
411 1115 441 1151 ac
452 1116 573 1153 successu
584 1118 669 1155 rerum
682 1099 812 1154 socordius
831 1103 949 1171 agentem
960 1098 1099 1153 invadunt.

277 1173 480 1246 semivigiles,
499 1182 620 1248 perrupta
639 1182 731 1243 castra,
748 1176 905 1248 trepidatum
923 1175 990 1247 apud
1007 1194 1099 1241 naves,

301 1250 388 1319 donec,
404 1251 503 1308 sidente
518 1254 640 1324 paulatim
657 1261 735 1322 metu,
748 1259 872 1324 occupato
888 1253 963 1326 juxta
977 1253 1042 1308 colle
1055 1253 1100 1308 de·

278 1327 374 1394 aiensi,
388 1347 447 1384 mox
463 1329 585 1402 irrupere.
621 1333 706 1386 Atrox
727 1330 763 1386 ihi
781 1330 870 1396 cades,
889 1334 916 1386 et
933 1329 1100 1402 Tungrarum
1145 1381 1146 1394 ,

301 1406 443 1461 cohortium
456 1408 576 1477 praefecti,
587 1412 732 1464 sustentata
744 1408 789 1463 diu
801 1407 861 1474 acie,
872 1407 930 1462 telis
943 1405 1099 1462 obruuntur.

302 1483 345 1538 Ne
356 1483 508 1539 Othonianis
521 1484 623 1556 quidem
637 1486 772 1541 incruenta
789 1485 896 1540 victoria
913 1485 971 1550 tuit,
988 1503 1100 1556 quorum

302 1561 441 1632 improvida
471 1568 572 1617 secutos
601 1563 718 1619 conuersi
743 1563 842 1634 equites
867 1563 1099 1618 circumvenerunt.
1145 1589 1146 1640 3

279 1639 342 1693 the
362 1638 433 1692 velut
453 1639 533 1708 pactis
556 1639 673 1705 induciis,
694 1659 727 1696 ne
747 1641 808 1695 hinc
828 1639 915 1695 classis
935 1638 994 1694 inde
1017 1657 1100 1710 eques

303 1715 414 1770 suhitam
426 1715 584 1772 formidinem
602 1717 734 1785 inferrent,
751 1717 886 1772 Vitelliani
901 1720 970 1771 retro
989 1716 1101 1788 Antipo-
1145 1713 1146 1754 l

303 1792 348 1847 lim
365 1791 537 1848 Narbonensis
555 1794 641 1849 Galliae
659 1794 834 1866 municipium,
852 1793 992 1849 Othoniani
1009 1793 1100 1848 Albin-
1145 1825 1146 1860 y

304 1888 417 1941 gaunum
428 1869 556 1925 interioris
569 1871 683 1943 Liguriae
694 1876 831 1927 revertere.

260 1957 296 2012 16
340 1947 468 2001 Corsicam
492 1966 521 2002 ae
545 1949 686 2004 Sardiniam
709 1955 866 2020 caeterasque
889 1947 999 2022 proximi
1020 1947 1101 2002 maris
1145 2009 1146 2020 γ

305 2023 401 2079 insulas
413 2025 480 2078 fama
490 2026 603 2081 victricis
614 2026 703 2082 elassis
715 2027 743 2080 in
755 2025 871 2098 partibus
885 2025 994 2081 Othonis
1005 2025 1100 2080 tenuit.

306 2101 357 2156 Sed
369 2101 497 2156 Corsicam
510 2121 588 2174 prope
600 2103 688 2158 afflixit
697 2103 805 2158 Decumi
817 2103 917 2158 Pacarii
929 2103 1101 2174 procuratoris

304 2179 444 2244 temeritas,
464 2183 538 2234 tanta
556 2180 621 2236 mole
639 2180 698 2236 belli
716 2181 779 2236 nihil
797 2181 824 2236 in
843 2199 942 2236 summa
959 2179 1101 2252 profutura,

282 2256 355 2327 aipsi
373 2257 486 2311 exitiosa.
523 2257 641 2328 Namque
660 2258 770 2313 Othonis
788 2257 846 2313 odio
858 2259 949 2328 juvare
967 2255 1102 2312 Vitellium

307 2333 444 2388 Corsorum
463 2334 559 2390 viribus
577 2334 677 2404 statuit,
698 2335 767 2390 inani
788 2335 889 2400 auxilio,
910 2334 985 2390 etiam
1004 2333 1025 2388 si
1042 2351 1103 2405 pro-

306 2410 425 2465 venisset.
461 2411 567 2466 Vocatis
584 2411 740 2482 principibus
756 2412 845 2468 insula
860 2411 995 2468 eonsilium
1011 2411 1101 2482 aperit,

307 2491 334 2542 et
343 2491 432 2542 contra
443 2486 525 2542 dicere
537 2506 620 2553 ausos,
629 2487 763 2544 Claudium
777 2489 928 2559 Pyrrhicam
937 2487 1103 2544 trierarchum

307 2563 503 2620 Liburnicarum
522 2565 558 2619 ibi
577 2565 686 2631 navium,
709 2566 846 2625 Quintium
866 2567 972 2622 Certum
991 2565 1103 2636 equitem

285 2642 460 2706 3Romanum,
487 2641 595 2696 interfici
616 2643 698 2714 jubet.
745 2644 859 2708 Quorum
881 2647 964 2698 morte
988 2641 1104 2698 exterriti

309 2719 353 2788 qui
364 2719 476 2783 aderant,
489 2718 565 2772 simul
575 2719 665 2789 ignara
676 2724 702 2774 et
715 2719 789 2775 alieni
801 2725 884 2776 metus
897 2720 965 2776 socia
976 2719 1104 2789 imperito-

284 2807 366 2853 4rum
377 2795 460 2860 turba,
469 2795 496 2850 in
507 2795 584 2850 verba
591 2796 690 2851 Vitellii
699 2797 824 2868 juravere.
863 2797 914 2852 Sed
926 2796 970 2851 uhi
979 2795 1105 2852 delectum

309 2893 384 2946 agere
402 2874 522 2928 Pacarius
540 2878 567 2928 et
586 2873 729 2928 inconditos
747 2875 863 2930 homines
882 2874 990 2946 fatigare
1008 2873 1105 2931 militiae

309 2953 455 3008 muneribus
467 2951 573 3023 occepit,
582 2951 693 3006 laborem
702 2952 832 3008 insolitum
841 2953 926 3024 perosi
934 2951 1106 3009 infirmitatem
