2575 3592
335 395 338 402 ’
387 419 637 469 ursroamauar
656 419 677 468 1.
694 421 796 468 ara-m
956 419 987 467 aa

198 479 225 522 AL
234 484 262 524 1).
269 483 301 524 69.

202 486 434 606 traotaellegiones,
459 553 536 606 seque
559 538 585 590 et
613 534 707 590 Gallias
734 538 851 605 experte,
878 549 989 607 quaerere

202 631 306 668 rursum
317 631 387 667 arma
397 631 525 683 novasque
542 612 679 668 discordias
690 631 697 678 ;
715 631 761 668 nec
779 613 867 680 socios,
880 618 910 668 ut
922 612 989 675 olim,

137 740 138 744 ,
204 689 251 745 sed
265 690 353 745 hostes
369 694 396 744 et
411 690 493 744 victos
510 689 641 745 vocabant.
677 690 734 745 Nec
752 689 838 745 deerat
856 709 914 763 pars
933 688 1016 744 Gal-⁵

203 766 304 832 liuram,
328 784 384 838 quae
407 767 527 822 Rhenum
550 767 647 833 accolit,
672 767 772 822 easdem
792 773 877 838 partes
898 771 992 835 secuta,

204 861 236 899 ac
253 849 309 898 tum
327 844 448 899 acerrima
463 845 609 916 instigatrix
626 843 760 899 adversm
778 845 927 900 Galbianos:
945 844 994 908 hoc

206 921 274 976 enim
291 939 384 976 nomen
401 921 516 976 fastidito
533 921 641 981 Vindice
660 920 809 976 indiderant.
845 922 931 994 Igitur
952 920 1017 974 sea-6

207 998 298 1069 qnanis
309 997 450 1069 AEduisque
463 1016 492 1052 ac
503 997 601 1066 deinde,
619 1003 696 1069 prout
708 998 837 1070 opulentia
849 997 995 1054 civitatibus

207 1079 271 1140 crat,
284 1075 384 1140 infensi,
397 1075 596 1146 expugnationes
607 1075 716 1141 urbium,
733 1076 907 1147 populationes
924 1093 995 1145 agro

207 1171 273 1217 rum,
286 1157 376 1223 raptus
387 1153 516 1223 penatium
525 1154 665 1208 hausenmt
677 1155 767 1220 animo,
781 1173 857 1225 super
865 1153 995 1208 avaritiam

208 1234 237 1284 et
255 1229 432 1302 arrogantiam,
450 1231 575 1302 praecipua
591 1231 742 1286 validiorum
757 1231 826 1298 vitia,
839 1230 997 1286 contumacia

210 1307 342 1362 Gallorum
358 1306 459 1375 irritati,
476 1308 520 1379 qui
536 1308 666 1363 remissam
685 1308 734 1364 sibi
751 1327 767 1362 a
785 1308 864 1362 Galba
881 1311 997 1379 quartam

210 1384 366 1438 tributorum
383 1389 481 1456 partem
499 1389 526 1440 et
543 1385 643 1455 publice
661 1385 767 1440 donatos
790 1384 818 1440 in
835 1384 995 1456 ignominiam

211 1461 339 1516 exercitus
349 1461 486 1532 jactabant.
522 1463 638 1518 Accessit
651 1462 739 1518 callide
750 1462 890 1532 vulgatum,
902 1465 997 1516 temere
1007 1464 1021 1516 7

212 1537 346 1604 creditum,
359 1538 477 1594 decim
487 1539 599 1612 legiones
612 1545 638 1594 et
650 1540 863 1612 promptissimum
874 1556 999 1610 quemque

212 1615 389 1670 centurionum
401 1615 502 1671 dimitti.
538 1617 659 1688 Undique
675 1621 772 1672 atroces
788 1616 879 1682 nuntii,
897 1616 1024 1670 sinistras

213 1711 247 1747 cx
256 1692 395 1747 nrbefama
401 1716 409 1759 ;
421 1694 521 1748 infensa
528 1694 710 1765 Lugdunensis
720 1694 823 1760 colonia,
833 1697 867 1758 et,
877 1692 1000 1764 pertinaci

212 1785 261 1840 pra
276 1769 380 1824 Nerone
395 1769 452 1835 fide,
467 1770 575 1825 fecunda
592 1770 742 1826 rumoribus.
780 1769 830 1826 Sed
845 1770 952 1842 plurima
968 1769 1023 1823 ad9

213 1846 358 1918 lingendum
371 1847 572 1919 credendumque
583 1848 700 1904 materies
712 1849 739 1902 in
751 1848 812 1918 ipsis
825 1847 921 1914 castris,
933 1847 998 1912 odic,

214 1928 293 1988 metu,
312 1928 338 1978 et
355 1924 401 1979 abi
417 1924 483 1979 vires
501 1943 560 1980 suas
577 1929 748 1996 respexerant,
767 1925 909 1980 securitate.
947 1923 999 1979 Sub
1009 1920 1047 1974 52

213 2001 283 2072 ipsas
300 2002 435 2072 superioris
453 2003 512 2057 anni
529 2002 657 2058 Kalendas
675 2002 827 2058 Decembres
851 2001 933 2056 Aulus
956 2001 1001 2055 Vi·

214 2078 300 2133 tellius
323 2078 467 2134 inferiorem
490 2079 649 2134 Germaniam
672 2079 810 2152 ingressus,
835 2078 940 2133 hiberna
966 2077 1001 2132 lc·

215 2156 318 2226 gionum
335 2173 393 2210 cum
409 2174 470 2210 cura
485 2156 589 2211 adierat.
624 2156 730 2212 Redditi
748 2157 874 2228 plerisque
892 2155 1026 2219 ordines,2

215 2231 321 2289 remissa
331 2232 475 2303 ignominia,
488 2233 601 2288 allevata
611 2241 687 2298 notae,
700 2234 773 2305 plura
782 2232 925 2297 ambitione,
936 2251 1001 2303 quae-

216 2308 275 2364 dam
295 2308 399 2380 judicio,
420 2309 559 2380 inquibus
583 2309 682 2365 sordem
703 2315 730 2365 et
751 2309 882 2364 avaritiam
902 2309 1003 2364 Fonteii

216 2389 348 2460 Capitonis
371 2388 510 2444 adimendis
533 2389 722 2460 assignandisve
746 2390 842 2446 militiae
871 2389 1001 2446 ordinibus

215 2467 316 2538 integre
326 2470 477 2521 mutaverat,
513 2467 570 2522 Nec
581 2467 719 2522 consularis
731 2467 811 2540 legati
819 2485 943 2533 mensura,
957 2467 1025 2522 seda

216 2544 244 2599 in
261 2544 342 2614 majus
359 2544 443 2598 omnia
460 2543 655 2615 accipiebantur.
691 2544 726 2599 Et
744 2549 774 2599 ut
790 2544 910 2600 Vitellius
935 2544 1002 2616 apud

217 2639 318 2676 severos
335 2621 445 2688 humilis,
463 2622 501 2676 ita
517 2621 662 2676 comitatem
679 2621 870 2692 bonitatemque
887 2623 1002 2678 faventes

216 2697 349 2764 vocabant,
374 2698 442 2769 quod
460 2698 513 2752 sine
530 2697 612 2762 modo,
631 2697 685 2753 sine
700 2699 795 2770 judicio
819 2699 924 2754 donaret
948 2717 1001 2764 sua,

217 2775 353 2846 largiretur
370 2775 464 2841 aliena;
483 2775 558 2830 simul
575 2773 696 2830 aviditate
713 2775 851 2848 imperandi
869 2777 924 2845 ipsa
941 2775 1004 2830 vitia

216 2871 264 2924 pro
277 2852 414 2907 virtutibus
426 2851 665 2923 interpretabantur.
701 2853 780 2908 Multi
796 2853 942 2921 inutraque
960 2855 1027 2904 err-4

218 2930 308 2995 orcita,
332 2930 399 2985 sicut
421 2929 530 2984 modesti
553 2930 689 3002 quietique,
711 2931 748 2985 ita
770 2929 828 2984 mali
850 2932 876 2982 et
897 2926 1002 2982 strenui.

218 3005 270 3062 Sed
289 3007 393 3079 profusa
411 3006 529 3078 cupidine
548 3011 576 3061 et
595 3006 690 3078 insigni
709 3006 852 3062 temeritate
872 3002 950 3074 legati
970 3001 1002 3056 le
