2575 3592
198 487 217 525 A
235 485 254 525 D
270 485 312 535 ⁰⁹]
384 423 635 472 Hrsronrauum
653 423 672 472 Ι.
692 422 793 474 27-31.
950 423 980 476 17

197 542 239 589 ast
251 541 302 600 aut,
316 535 384 606 qnod
395 553 470 606 aque
482 535 550 606 apud
564 535 644 590 bonos
660 535 778 590 miserum
794 537 841 600 est,
859 533 979 590 occidere.

197 611 322 668 Solatium
337 613 446 684 proximi
457 619 541 668 motus
559 613 712 668 habebamus
725 613 880 667 incruentam
892 611 1003 667 urbem5
1101 639 1104 644 ·

196 695 226 745 et
242 708 284 745 res
300 689 355 744 sine
372 689 496 745 discordia
512 691 655 746 translatas.
691 690 823 745 Provisum
847 689 981 760 adoptione

196 765 338 832 videbatur,
351 770 381 821 ut
392 785 425 822 ne
436 773 494 838 post
506 768 610 823 Galbam
628 767 728 839 quidem
740 767 805 822 bello
823 767 893 822 locus
906 769 981 821 esset.

197 843 272 898 Nihil
287 843 409 914 arrogabo
425 845 487 898 mihi
503 845 641 900 nobilitatis
659 849 703 900 aut
718 844 854 900 modestia.
890 844 982 914 Neque
990 847 1028 902 ³0

197 920 267 975 enim
283 919 366 976 relatu
382 919 506 974 virtutum
528 921 556 976 in
578 921 763 992 comparatione
787 921 895 976 Othonis
919 938 982 990 opus

197 1002 247 1052 est.
283 996 362 1062 Vitia,
382 997 473 1068 quibus
489 997 549 1052 solis
566 998 697 1070 gloriatam,
714 1001 828 1052 evertere
842 997 1006 1068 imperiumn
1033 1034 1064 1064 ,s-

198 1075 277 1130 etiam
294 1093 353 1130 cum
370 1075 479 1130 amioum
495 1076 654 1147 imperatoria
671 1084 765 1147 ageret.
800 1075 932 1132 Habitune
957 1079 984 1130 et
1015 1061 1033 1091 “³

198 1151 308 1221 incessu,
326 1170 360 1206 an
375 1151 418 1206 illo
435 1151 552 1208 muliebri
568 1157 659 1208 ornatu
677 1157 815 1208 mereretur
831 1153 983 1223 imperium?

199 1228 324 1284 falluntur
346 1229 438 1300 quibus
461 1230 561 1284 luxuria
584 1231 667 1302 specie
689 1229 846 1285 liberalitatis
869 1229 983 1300 imponit.

200 1306 312 1363 Perdere
335 1306 385 1362 iste
408 1307 478 1373 sciet,
503 1307 596 1363 donare
615 1307 719 1363 nesciet.
757 1308 850 1378 Stupra
870 1325 938 1362 nunc
958 1313 1008 1362 eta

200 1383 391 1438 comissationes
408 1389 435 1438 et
452 1384 602 1439 feminarum
618 1389 699 1440 coetus
717 1384 795 1438 volvit
813 1383 912 1438 animo:
932 1385 986 1438 haec
1100 1421 1104 1428 ·

201 1461 359 1533 principatus
375 1462 478 1532 pramis
493 1466 575 1532 putat,
595 1480 702 1532 quorum
725 1461 802 1516 libido
820 1478 849 1516 ac
869 1460 986 1531 voluptas

202 1556 281 1609 penes
291 1539 375 1608 ipsum
386 1537 427 1603 sit,
440 1538 519 1593 rubor
527 1557 557 1594 ac
568 1537 676 1594 dedecus
685 1557 761 1609 penes
773 1556 868 1592 omnes.
904 1538 1010 1592 Nemot

202 1614 271 1669 enim
281 1633 392 1686 unquam
403 1615 536 1685 imperium
550 1615 647 1687 flagitio
660 1616 794 1686 quaesitum
806 1614 878 1670 bonis
890 1613 987 1678 artibus¹

202 1691 324 1747 exercuit.
358 1691 463 1746 Galbam
475 1710 612 1747 consensus
623 1693 723 1764 generis
731 1692 841 1757 humani,
854 1710 894 1746 me
908 1691 1009 1746 Galbae

202 1769 420 1824 consentientibus
437 1768 508 1825 vobis
526 1770 651 1826 Cesaram
669 1769 742 1825 dixit.
780 1770 864 1825 Sires
888 1769 988 1840 publica

202 1850 231 1902 et
241 1850 344 1901 senatus
356 1850 383 1900 et
396 1846 504 1917 populos
520 1865 600 1902 vaona
613 1847 714 1902 nomina
730 1851 797 1912 sunt,
814 1850 906 1911 vestra,
923 1865 988 1901 com·

204 1923 340 1989 militares,
363 1923 470 1978 interest
492 1943 526 1979 ne
552 1924 729 1996 imperatorem
756 1924 858 1995 pessimi
885 1923 987 1978 faciant.

203 2000 347 2071 Legionum
365 1999 456 2055 seditio
473 2001 594 2056 mrersus
611 2001 688 2056 duces
707 2019 766 2056 suos
783 2000 870 2056 audita
887 2006 927 2056 est
945 2000 1010 2055 ali-o
1030 2021 1032 2028 ·

205 2077 323 2148 quando:
341 2084 427 2132 restra
448 2077 511 2135 fides
534 2079 651 2150 famaque
673 2079 752 2134 illaesa
775 2078 807 2134 ad
831 2079 899 2134 hunc
923 2077 989 2133 diem

165 2152 172 2157 ’
205 2154 306 2209 mansit.
342 2154 378 2210 Et
390 2155 460 2210 Nero
478 2173 577 2228 quoque
589 2175 634 2211 ros
645 2155 770 2222 destituit,
789 2174 840 2212 non
851 2175 896 2212 voa
908 2155 1011 2222 Nero-7

205 2250 271 2286 nem.
308 2232 395 2286 Minus
418 2232 525 2304 triginta
547 2233 687 2304 transfugae
710 2238 737 2288 et
761 2232 908 2298 desertores,
927 2251 990 2303 quos

206 2308 379 2364 centurionem
397 2314 442 2364 aut
458 2309 590 2365 tribunum
606 2311 656 2366 sibi
673 2310 795 2382 eligentes
812 2327 886 2365 nemo
904 2310 990 2376 terret,

205 2386 340 2458 imperium
351 2385 534 2458 assignabunt?
552 2387 687 2444 admittitis
696 2387 855 2459 exemplum?
874 2391 899 2444 et
910 2388 992 2459 quies-

206 2462 427 2520 cendooommune
436 2465 641 2520 crimenfacitis?
660 2465 821 2521 transcendet
829 2466 993 2522 beolioentia

205 2541 233 2595 in
256 2541 413 2611 provincias3
437 2542 517 2597 etad
539 2561 586 2597 nos
609 2541 731 2598 scelerum
755 2543 847 2611 exitus,
869 2543 991 2598 bellorum
1014 2579 1017 2584 ,

167 2643 173 2648 ·
207 2617 239 2672 ad
262 2636 308 2673 ros
331 2618 501 2688 pertinebunt.
544 2620 601 2676 Neo
624 2625 664 2674 est
684 2620 741 2692 plus
766 2619 833 2692 quod
855 2639 901 2692 pro
925 2619 1014 2680 caede8

207 2694 328 2766 principis
340 2713 416 2766 quam
428 2696 496 2768 qnod
510 2696 687 2752 innocentibus
703 2697 786 2763 datur,
800 2697 844 2752 sed
856 2695 959 2768 perinde
978 2715 993 2751 a

206 2771 281 2828 nobis
299 2771 446 2828 donativum
463 2773 495 2829 ob
512 2774 587 2829 fidem
604 2793 678 2845 quam
698 2775 729 2831 ab
747 2775 801 2830 aliis
818 2793 865 2846 pro
882 2775 994 2828 facinore

207 2849 364 2920 accipietis.’'
399 2849 511 2922 Dilapsis
523 2851 730 2923 speculatoribus,
746 2857 831 2907 cetera
842 2851 931 2906 cohors
942 2867 993 2902 non
1001 2854 1037 2910 81

208 2931 343 2998 aspernata
354 2928 550 2994 concionantem,
567 2935 598 2983 ut
609 2927 719 2984 turbidis
736 2927 813 2983 rebus
825 2925 915 2991 evenit,
927 2923 994 2978 forte

209 3003 290 3076 magis
307 3008 335 3058 et
351 3004 422 3061 nullo
437 3004 519 3060 adhuc
535 3005 639 3061 consilio
654 3007 727 3074 parat
743 3003 816 3074 signa
831 3018 910 3072 quam,
927 2995 995 3068 quod

232 3099 394 3137 sanqualem.
592 3096 608 3133 0
