2575 3592
295 414 326 464 72
487 421 490 428 '
628 409 749 458 'ruem

926 469 961 518 [A.
970 469 998 508 15.
1008 469 1032 508 0.
1042 469 1092 509 822.
1148 479 1149 486 ¹

293 524 353 580 lacto
364 523 444 578 milite
456 522 488 578 ad
500 523 665 578 mutationem
678 521 779 586 ducum,
789 523 816 576 et
828 518 935 574 ducibus
944 519 976 574 ob
984 519 1092 574 crebras

294 601 432 656 seditiones
442 606 497 655 tam
508 600 627 654 infestam
638 598 755 654 militium
767 596 969 668 aspernantibus.

248 685 285 743 37
329 679 436 733 Invenio
460 677 528 747 apud
551 676 674 747 quosdam
697 679 814 731 auctores
838 692 930 746 pavore
952 673 1019 736 belli,
1042 691 1090 728 eeu

295 755 397 811 fastidio
410 755 543 825 utriusque
554 754 683 825 principis,
697 772 804 824 quorum
819 752 918 820 flagitia
933 769 963 806 ao
978 750 1092 806 dedecus

255 875 261 883 .
283 833 421 904 *apertiore
432 833 460 887 in
471 831 526 886 dies
537 831 605 886 sama
621 830 800 894 noscebantur,
812 829 944 884 dubitasse
959 828 1092 885 eremius

295 929 364 975 num,
376 909 461 980 posito
473 909 618 973 certamine,
629 907 671 963 rel
682 907 732 978 ipsi
743 907 770 962 iu
781 906 892 962 medium
905 905 1091 970 consultarent,

160 979 163 987 ’
271 987 337 1042 trel
354 986 455 1041 senatui
470 986 648 1056 permitterent
672 985 756 1056 legere
779 985 965 1056 imperatorem.
1000 985 1092 1053 Atque

296 1082 327 1119 oo
345 1063 422 1118 duces
439 1062 598 1118 Othonianos
616 1061 726 1134 spatium
745 1079 775 1118 ac
792 1079 875 1116 moras
894 1060 1011 1128 suasisse,
1026 1077 1093 1130 praa·

296 1141 372 1211 cipua
387 1159 432 1210 spe
449 1139 558 1205 Paulini,
576 1139 645 1210 quod
664 1138 852 1196 vetustissimus
872 1137 1050 1202 consularium,
1063 1140 1093 1191 et

285 1218 387 1272 ‘militia
398 1217 488 1282 clarus,
501 1217 606 1289 gloriam
617 1235 761 1288 nomenque
777 1215 932 1272 Britannicis
950 1213 1094 1286 expeditio-

273 1295 372 1360 auibus
395 1295 537 1351 meruisset.
573 1295 631 1366 Ego
654 1299 685 1350 ut
709 1293 875 1350 concesserim
904 1292 972 1364 apud
994 1309 1094 1364 paucos

297 1373 376 1428 tacito
387 1377 448 1427 roto
460 1373 571 1443 quietem
584 1389 630 1443 pro
642 1370 774 1436 discordia,
784 1370 879 1426 bonum
891 1375 918 1425 et
929 1371 1091 1426 innocentem
1148 1409 1149 1418 ,

296 1450 435 1521 principem
454 1467 501 1519 pro
520 1449 636 1520 pessimis
657 1467 687 1504 ac
710 1447 914 1520 flagitiosissimis
938 1447 1089 1518 expetitum,

296 1526 335 1582 ita
350 1545 433 1598 neque
450 1525 592 1590 Paulinum,
606 1543 657 1596 qua
674 1525 810 1597 prudentia
826 1525 885 1590 fuit,
902 1525 1020 1596 sperasse
1038 1541 1092 1579 cor·
1148 1537 1149 1546 ¹

297 1604 444 1674 ruptissimo
455 1601 547 1658 seculo
567 1607 665 1658 tautam
678 1603 749 1674 vulgi
765 1601 963 1660 moderationem
982 1618 1048 1666 reor,
1061 1605 1092 1655 ut

298 1681 343 1751 qui
354 1699 442 1751 paoem
453 1679 513 1736 belli
521 1697 607 1734 amore
614 1679 788 1744 turbaverunt,
797 1677 891 1734 bellum
903 1679 971 1750 pacis
984 1678 1092 1734 cantate

298 1758 471 1828 deponereut;
494 1775 578 1828 neque
597 1760 643 1812 aut
664 1757 790 1812 exercitus
811 1756 904 1828 linguis
929 1755 1093 1826 moribusque
1148 1823 1149 1828 Ἰ

298 1834 414 1888 dissonos
434 1833 463 1887 iu
480 1833 549 1888 huuc
570 1851 721 1889 consensum
743 1833 857 1904 potuisse
876 1832 1024 1898 coalescere,
1047 1837 1094 1888 aut

298 1911 396 1982 legatos
408 1929 438 1965 ac
450 1910 535 1975 duces,
548 1929 641 1982 magna
651 1929 683 1966 ex
694 1915 766 1982 parte
778 1911 861 1978 luxus,
874 1911 1004 1982 egestatis,
1016 1910 1095 1966 scele-

284 2005 357 2042 ¹rum
368 1987 417 2042 sibi
428 1987 550 2053 conscios,
567 1988 616 2043 uisi
633 1987 759 2058 pollutum
777 1987 978 2058 obstrictumque
994 1988 1095 2044 mentis
1148 2013 1149 2024 π

252 2069 290 2123 88
300 2067 354 2120 auis
372 2064 510 2135 prinoipem
527 2083 655 2135 passuros.
691 2065 775 2120 Vetus
792 2083 821 2120 ac
831 2067 883 2135 jam
901 2064 999 2136 pridem
1014 2065 1096 2120 insita

300 2141 449 2197 mortalibus
466 2142 588 2213 potentie
606 2141 699 2212 cupido
718 2160 776 2196 cum
799 2141 898 2213 imperii
918 2141 1094 2213 magnitudine

276 2219 410 2275 redolevit
433 2219 576 2290 ernpitque.
623 2219 693 2274 Nam
721 2217 797 2276 rebus
827 2219 932 2274 modicis
961 2219 1094 2290 equalitas

300 2296 373 2351 facile
396 2295 553 2351 habebatur:
584 2295 630 2350 aed
653 2295 705 2359 ubi,
729 2295 835 2352 subacto
858 2295 919 2351 orbe
950 2299 976 2350 ct
995 2297 1095 2352 emulis

280 2371 406 2428 'urbibus
429 2373 565 2444 regibusve
585 2372 685 2440 excisis,
704 2390 806 2426 securas
829 2390 890 2443 opes
914 2373 1096 2443 concupiscere

300 2467 409 2504 vacuum
425 2449 483 2513 suit,
498 2449 581 2520 prima
596 2449 664 2504 iuter
685 2452 770 2520 putres
789 2449 938 2520 plebemque
956 2450 1096 2505 cemamina

276 2540 424 2586 aexarsere.
467 2526 548 2582 Modo
570 2525 713 2580 turbulenti
738 2526 842 2591 tribuni,
873 2525 949 2582 modo
977 2527 1095 2581 consules

300 2602 438 2674 praevalidi,
449 2607 476 2658 et
487 2603 515 2658 in
525 2603 589 2658 urbe
600 2621 630 2658 ac
649 2603 703 2658 foro
719 2606 878 2658 tentamenta
894 2603 1005 2658 civilium
1016 2603 1096 2658 bello·

301 2699 373 2746 rum;
392 2698 452 2735 mox
464 2698 478 2734 e
489 2679 563 2750 plebe
576 2680 662 2735 infima
674 2679 704 2734 G.
717 2679 817 2734 Marius
831 2685 857 2734 et
874 2679 996 2735 nobilium
1009 2681 1096 2735 saevis·

302 2758 380 2812 simus
392 2757 490 2812 Lucius
508 2757 578 2813 Sulla
589 2758 681 2812 victam
695 2757 771 2812 armis
782 2757 925 2812 libertatem
938 2758 965 2812 in
983 2757 1096 2813 domiuu-

277 2836 397 2890 4tiouem
408 2837 548 2890 verterunt.
585 2835 649 2888 Post
666 2851 729 2904 quos
748 2835 795 2890 Cu.
808 2835 945 2904 Pompeius
964 2835 1096 2902 occultior,

302 2931 354 2967 nou
374 2912 469 2967 melior.
505 2911 540 2965 Et
560 2929 690 2981 nunquam
711 2915 801 2981 postea
822 2912 873 2966 uisi
897 2911 928 2966 de
950 2912 1097 2982 principatu

278 2990 445 3062 aquaesitum.
481 2989 542 3044 Non
563 2987 701 3042 discesmre
722 2987 753 3042 ub
774 2989 851 3044 anuis
866 2988 894 3042 iu
914 2988 1046 3044 Pharsalia
1066 3008 1096 3044 ac
