2575 3592
286 400 318 450 rc
622 401 743 448 ramur
806 459 813 468 ,

285 510 404 583 segnitia,
416 529 471 566 rem
483 510 510 564 in
525 509 661 566 discrimen
677 513 746 568 mitti
761 511 877 584 jubebat,
891 463 1088 585 eidrhdrddt

286 589 341 660 spei
352 588 495 660 impatiens.

241 665 277 720 41
320 666 417 720 Eodem
436 663 476 719 die
494 663 526 718 ad
544 663 671 720 Oaeoinern
689 666 760 737 operi
777 667 862 737 pontis
879 667 1007 722 intentum
1031 667 1087 722 duo

280 743 461 814 praetoriarum
473 741 615 796 cohortium
626 742 732 808 tribuni,
751 743 905 815 colloquium
921 747 977 814 ejus
993 752 1087 816 postu·

286 819 378 885 lantes,
398 823 530 874 venerunt.
566 818 663 874 Audire
682 820 838 876 conditiones
858 839 887 876 ac
910 821 1016 876 reddere
1040 839 1087 892 pa-

287 897 368 962 rabat,
398 915 457 951 cum
485 895 629 967 praecipites
661 897 833 968 exploratores
863 898 951 954 adesse
981 899 1087 954 hostem

265 974 444 1032 nuntiavere.
492 974 657 1044 Interruptus
681 975 841 1030 tribunorum
871 995 969 1042 sermo;
1000 995 1087 1047 eoque

287 1050 413 1106 inermum
443 1051 501 1116 fuit,
525 1050 631 1106 insidias
661 1070 694 1106 an
717 1053 887 1124 proditionem
910 1053 950 1108 vel
980 1052 1087 1124 aliquod

267 1128 424 1186 thonestum
453 1127 587 1182 consilium
616 1130 789 1200 ooeptaverint.
834 1131 941 1198 Caecina,
971 1129 1086 1185 dimissis

289 1205 406 1273 tribunis,
418 1210 536 1260 revectus
546 1205 575 1260 in
585 1211 677 1272 castra,
691 1207 779 1261 datum
788 1207 862 1278 jussu
874 1207 947 1263 Fabii
964 1207 1087 1262 Valentis

266 1290 382 1354 lpugme
405 1284 506 1355 signum
529 1290 556 1338 et
579 1283 685 1338 militem
708 1285 736 1338 in
760 1287 835 1340 armis
859 1285 963 1340 invenit.
1011 1285 1087 1340 Dum

289 1362 401 1433 legiones
425 1362 457 1417 de
479 1361 568 1416 ordine
591 1362 699 1433 agminis
723 1363 872 1428 sortiuntur,
898 1363 996 1434 equites
1026 1381 1087 1434 pro-

290 1457 399 1510 rupere;
416 1443 452 1504 et,
463 1439 556 1492 mirum
568 1437 645 1504 dictu,
659 1457 675 1492 a
686 1440 846 1509 paucioribus
858 1440 1019 1508 Othonianis,
1032 1457 1086 1511 quo

290 1517 374 1571 minus
386 1517 414 1571 in
424 1516 518 1570 vallum
530 1514 738 1586 impingerentur,
756 1517 852 1572 Italica
864 1517 970 1588 legionis
986 1517 1086 1588 virtute

269 1594 407 1649 tdetcrriti
418 1597 486 1648 sunt.
512 1593 559 1661 Ea,
571 1593 668 1648 strictis
680 1594 849 1659 mucronibus,
863 1595 945 1649 redire
957 1593 1044 1666 pulsos
1057 1598 1085 1648 et

291 1690 402 1743 pugnam
420 1688 548 1724 resumere
565 1670 658 1740 coligit.
695 1671 827 1741 Disposita
844 1671 1037 1726 Vitellianarum
1050 1670 1085 1726 lo

291 1750 395 1820 gionum
419 1748 486 1802 acies
509 1747 564 1801 sinc
592 1747 776 1818 trepidatione:
807 1749 909 1814 etenim,
940 1767 1086 1820 quanquam

291 1826 375 1880 ricino
393 1825 475 1888 hoste,
497 1827 616 1894 aspectus
635 1842 761 1879 armorum
786 1825 870 1880 densis
894 1825 1004 1880 arbustis
1028 1843 1086 1896 pro-

270 1901 434 1957 thibebatur.
470 1900 548 1971 Apud
560 1900 718 1956 Othonianos
730 1902 815 1972 pavidi
827 1903 912 1968 duces,
925 1903 996 1956 miles
1013 1901 1087 1956 duci·

292 1979 341 2035 bus
364 1978 487 2042 infensus,
512 1977 592 2031 mixta
615 1977 731 2032 vehicula
755 1985 781 2034 et
804 1979 870 2044 fixae,
890 1984 925 2042 et,
948 1978 1085 2050 praeruptis

292 2056 413 2126 utrinque
436 2054 519 2119 fossis,
544 2054 586 2108 via
609 2054 696 2124 quieto
719 2073 819 2126 quoque
849 2057 944 2128 agmini
967 2059 1084 2126 angusta.

294 2132 489 2188 circumsistere
517 2131 560 2186 alii
583 2131 657 2202 signa
680 2151 733 2198 sua,
759 2151 871 2204 quaerere
895 2133 952 2198 alii}
971 2133 1084 2187 incertus

271 2211 405 2282 turdique
416 2209 511 2265 clamor
522 2209 716 2274 accrnrentium,
729 2211 903 2266 vocitantium.
939 2211 978 2264 Ut
993 2210 1085 2281 cuique

295 2288 398 2344 audacia
420 2287 462 2343 rel
484 2285 602 2350 formido,
626 2286 654 2340 in
674 2287 780 2356 primam
798 2293 983 2358 postremamve
1006 2287 1085 2342 aciem

250 2373 288 2428 42
295 2365 491 2437 prorumpebant
504 2368 549 2418 aut
560 2363 752 2418 relabebantur:
782 2366 915 2420 Attonitas
931 2364 1015 2420 subito
1032 2367 1085 2418 ter-

295 2461 352 2498 rore
371 2445 469 2496 mentes
488 2441 580 2494 salsum
600 2439 721 2512 gaudium
736 2441 764 2496 in
778 2441 925 2514 languorem
943 2441 1029 2505 vertit,
1046 2459 1085 2496 rc-

295 2519 375 2591 pertis
387 2519 431 2588 qui
442 2517 577 2572 descivisse
589 2535 604 2570 a
615 2517 721 2572 Vitellio
737 2519 878 2574 exercitum
894 2519 1083 2574 ementirentur.

273 2597 324 2654 als
345 2613 439 2662 rumor,
459 2593 492 2649 ab
510 2593 712 2664 exploratoribus
730 2595 829 2651 Vitellii
849 2595 986 2666 dispersus,
1008 2613 1040 2649 an
1056 2595 1085 2650 iu

295 2674 352 2744 ipsa
362 2671 471 2726 Othonis
483 2675 555 2741 parte
566 2689 613 2725 seu
624 2671 682 2726 dolo
694 2690 740 2727 scu
755 2673 823 2727 forte
839 2674 984 2740 surrexerit,
996 2691 1084 2744 parum

296 2753 461 2821 compertum.
504 2747 606 2802 Omisso
628 2767 721 2820 pugna
744 2749 833 2805 ardore
856 2750 994 2805 Othoniani
1016 2749 1084 2805 ultro

297 2827 455 2892 salutavere3
472 2827 499 2879 et
517 2823 603 2879 hostili
619 2844 749 2880 murmure
767 2827 873 2898 excepti,
886 2827 1011 2898 plerisque
1029 2845 1084 2880 suo-

297 2923 354 2960 rum
373 2903 469 2976 ignaris
489 2919 546 2972 que
565 2919 642 2957 caum
662 2903 795 2970 salutandi,
817 2909 914 2960 metum
936 2903 1084 2976 proditionis
