2575 3592
309 411 342 459 4⁸
624 449 627 463 ,
643 407 764 456 TACITI
1067 447 1069 454 ,

936 471 971 520 [Α.
982 466 1011 509 u.
1022 471 1047 510 o.
1059 471 1110 511 sss.

309 519 449 585 mortalem,
470 519 537 575 sicut
558 537 574 574 s
596 519 733 590 majoribus
755 517 905 589 accepimus,
930 519 967 574 sic
990 522 1111 590 posteris

308 599 446 653 tradamus.
481 598 550 651 Nam
561 600 592 652 ut
604 615 636 652 ex
647 597 720 652 robis
737 601 873 661 senatores,
887 597 924 652 ita
935 615 967 652 ex
978 599 1110 652 senatori-

263 674 357 739 opbus
368 675 494 746 principes
507 675 672 729 nascuntur.”
708 675 744 728 llt
756 673 836 728 oratio
849 673 881 727 od
892 674 1109 746 perstringendos

308 751 505 822 mulcendosque
528 751 636 806 militum
661 751 765 817 animos,
791 755 818 806 et
843 751 985 806 severitatis
1009 751 1108 808 modus

309 830 403 901 (neque
414 829 481 884 mim
492 829 520 883 in
531 829 616 900 plures
628 848 704 900 quam
722 829 750 884 iu
768 828 831 883 duos
844 827 1009 883 animadverti
1017 829 1108 900 jussa·

306 909 368 977 rat)
382 911 455 979 grate
469 914 580 978 accepts,
594 907 778 978 compositique
793 906 826 960 ad
844 924 955 976 praesens
971 905 1015 977 qui
1031 913 1107 962 coer-

285 986 359 1044 aosri
375 1004 427 1040 non
444 989 570 1057 poteraut.
606 986 669 1040 Non
686 989 772 1042 tamen
790 985 861 1056 quies
882 985 953 1040 urbis
970 985 1105 1041 redierat:

306 1063 429 1134 strepitus
446 1062 554 1118 telorum
569 1066 596 1117 st
608 1063 686 1118 facies
698 1062 765 1128 belli,
776 1067 805 1118 et
817 1063 939 1118 militibus
955 1067 985 1118 ut
997 1063 1062 1118 nihil
1073 1063 1105 1120 in

306 1157 437 1195 commune
455 1139 626 1205 turbantibus,
649 1141 686 1194 ita
707 1141 800 1211 sparsis
825 1157 869 1210 per
891 1140 978 1196 domos
996 1141 1103 1196 occulto

305 1217 403 1283 habitu,
422 1220 449 1273 et
466 1217 577 1289 maligna
592 1235 654 1272 cura
670 1217 697 1272 iu
713 1235 808 1283 omues,
826 1235 890 1288 quos
911 1217 1029 1274 nobilitas
1052 1222 1103 1272 aut

306 1313 368 1366 opes
380 1299 425 1350 aut
440 1294 525 1366 ulique
535 1295 642 1366 insignis
661 1294 785 1350 claritudo
801 1295 944 1350 rumoribus
960 1295 1100 1368 objecerat.

281 1372 453 1435 sVitclliauos
468 1391 568 1444 quoque
583 1372 676 1426 milites
694 1372 794 1427 venisse
809 1372 837 1427 in
854 1372 942 1428 urbem
960 1371 992 1426 ad
1009 1371 1101 1428 studia

303 1450 414 1520 portium
440 1448 567 1504 noscenda
591 1448 704 1520 plerique
731 1448 874 1504 credebant.
917 1449 993 1504 Unde
1019 1447 1099 1520 plena
1147 1447 1148 1488 l

302 1527 387 1582 omnis
404 1527 583 1597 suspicionum,
597 1530 624 1580 et
635 1527 680 1580 rix
697 1530 796 1581 secrete
811 1525 931 1582 domuum
943 1527 997 1582 sine
1008 1526 1098 1582 formi-
1147 1495 1148 1586 l

280 1602 368 1664 4diue.
405 1604 457 1658 Sed
467 1603 604 1676 plurimum
615 1601 793 1676 trepidationis
805 1603 831 1658 iu
843 1604 953 1675 publico,
965 1607 995 1660 ut
1008 1623 1098 1676 quem·
1147 1647 1148 1652 κ

301 1699 352 1752 que
368 1681 487 1736 nuntium
504 1680 572 1734 fame
586 1680 724 1746 attulisset,
742 1681 853 1735 animum
869 1680 1017 1752 vultumque
1035 1700 1097 1738 con-

301 1757 389 1822 uersis,
405 1776 439 1812 ne
455 1756 569 1812 diffidere
586 1756 670 1812 dubiis
687 1775 716 1812 ac
733 1775 822 1828 purum
838 1757 949 1829 gaudere
963 1759 1096 1830 prosperis
1147 1777 1148 1832 l

278 1834 455 1892 uiderentur.
491 1834 654 1889 Ooactovero
662 1834 689 1888 iu
698 1835 793 1888 curiam
803 1839 894 1889 senatu
903 1834 996 1890 arduus
1006 1853 1096 1892 rerum

300 1911 413 1966 omnium
433 1910 530 1980 modus,
551 1930 583 1966 ue
604 1915 741 1966 contumax
764 1911 899 1979 silentium,
920 1930 952 1966 ne
973 1917 1096 1984 suspects
1147 1941 1148 1968 r

299 1987 410 2044 libertas.
447 1988 483 2043 llt
494 1988 593 2060 privato
604 1988 701 2043 Othoni
712 2007 793 2060 nuper
811 1991 888 2060 etque
899 1989 985 2044 eadem
996 1989 1095 2046 dicenti

278 2071 362 2126 encta
373 2064 491 2120 adulatio.
527 2065 613 2136 Igitur
628 2084 729 2122 versare
746 2067 885 2120 sententies
904 2070 930 2121 et
947 2067 997 2121 huo
1013 2071 1094 2138 atquc

299 2143 359 2200 illuc
370 2148 497 2214 torquere,
507 2143 608 2197 hostem
620 2146 647 2197 et
659 2143 808 2214 parricidam
818 2143 948 2198 Vitellium
961 2149 1091 2211 vocantes,
1147 2143 1148 2206 l

299 2221 534 2292 providentissimus
546 2220 654 2291 quisque
669 2220 817 2292 vulgaribus
834 2221 969 2286 conviciis;
987 2221 1093 2292 quidum
1147 2215 1148 2252 l

299 2318 359 2354 vers
373 2299 467 2372 probru
478 2299 569 2370 jacere,
588 2298 616 2353 in
632 2298 741 2354 clamore
758 2303 851 2365 temen,
870 2304 896 2355 et
913 2299 958 2355 ubi
975 2299 1092 2370 plurimas
1147 2303 1148 2390 l

298 2394 381 2441 voces,
406 2388 452 2430 aut
474 2375 589 2431 tumultu
612 2375 747 2430 verborum
765 2377 813 2432 sibi
836 2377 885 2448 ipsi
903 2375 1090 2448 obstrepentes.
1147 2421 1148 2432 ,

254 2463 293 2526 86
299 2452 421 2525 Prodigia
431 2453 535 2524 iusuper
546 2452 677 2508 terrebant
689 2453 794 2508 diversis
811 2455 956 2510 auctori-bus
967 2453 1090 2525 vulgata:
1147 2467 1148 2532 l

298 2530 326 2585 iu
337 2530 462 2585 vestibulo
474 2530 593 2602 Capitolii
604 2530 710 2585 omissas
721 2531 831 2586 habenas
844 2531 909 2603 bigoe
920 2532 961 2586 oui
973 2531 1092 2588 Victoria

297 2608 443 2673 institerat3
460 2608 575 2678 erupisse
586 2607 650 2662 cells
660 2608 768 2662 lunonis
781 2609 900 2679 majorem
912 2609 1021 2663 humans
1033 2627 1091 2680 spe-

298 2685 378 2751 eiem3
395 2688 506 2738 statuam
518 2683 570 2738 diri
581 2685 599 2738 J
599 2684 643 2739 ulii
656 2684 682 2739 iu
694 2685 776 2740 insula
786 2685 898 2741 'liberini
906 2685 985 2740 amuis
998 2703 1092 2742 sereno

297 2767 325 2818 et
342 2762 448 2816 immoto
466 2761 506 2815 die
524 2760 556 2815 ab
573 2761 712 2817 Occidente
729 2763 757 2816 in
774 2763 904 2817 Orientem
923 2781 1089 2831 conversam

298 2839 458 2911 prolocutum
485 2838 513 2892 in
542 2838 648 2892 Etruria
675 2839 773 2904 bovem,
802 2839 916 2894 insolitos
943 2839 1090 2896 animalium
1147 2899 1148 2906 χ

297 2921 394 2988 pertus,
407 2918 434 2970 et
444 2914 518 2985 plura
534 2914 590 2980 slis,
603 2915 708 2970 rudibus
726 2916 825 2970 seculis
842 2917 916 2971 etism
930 2916 956 2970 in
968 2933 1028 2987 poce
1041 2917 1090 2974 ob-
1147 2957 1148 2988 p

276 2989 404 3052 aserrsta
429 3004 485 3057 quar
504 3003 572 3042 nunc
595 2989 696 3045 tautum
715 2985 742 3040 iu
762 2990 833 3046 metu
853 2986 998 3046 audiuntur.
1033 2988 1090 3043 Sed
1147 2989 1148 2992 ’
