2575 3592
448 431 642 480 GERMANIA
661 433 764 481 35-39.
950 436 996 483 249

209 545 344 601 Germania
360 545 476 600 v'ineitur.
513 545 599 600 Medio
613 551 666 599 tam
682 543 751 615 longi
762 544 809 598 mvi
824 543 907 613 spatio
918 544 998 599 multa

206 622 423 677 invioemrdamna.
460 622 520 677 Non
533 622 637 686 Samnis,
651 638 703 675 non
714 620 793 686 Poeni,
804 638 855 675 non
867 621 1000 691 Hispania

207 698 377 767 Galliasque
394 700 483 754 Parthi
495 699 595 770 quidem
611 698 703 768 saepius
719 697 885 752 admonuere:
904 699 997 769 quippe

205 794 285 846 reguo
302 776 404 830 Arsaois
423 776 504 831 aerior
521 781 561 830 est
580 775 763 829 Germanorum
779 774 890 829 libertas.
927 774 997 834 Quid

204 853 272 907 enim
291 852 357 907 aliud
375 853 447 907 nobis
468 871 542 923 quam
563 852 656 907 cedem
675 852 768 917 Crassi,
787 853 880 907 amisso
897 856 924 907 et
942 853 996 924 ipse

203 929 309 995 Pacoro,
323 930 389 984 inira
400 930 549 985 Ventidium
565 929 680 1001 dejectus
696 929 787 984 Oriens
801 930 941 1000 objecerit?
959 934 1021 985 Ate

194 1006 331 1071 Germani,
345 1006 460 1062 Carbone
476 1015 503 1061 et
518 1006 606 1061 Cassio
622 1010 649 1061 et
667 1007 760 1061 Soauro
778 1006 881 1062 Aurelio
896 1012 923 1061 et
940 1008 996 1062 Ser-

202 1081 263 1136 vilio
282 1082 408 1154 Caepione,
427 1085 515 1139 Mareu
536 1101 635 1155 quoque
654 1082 750 1137 Manlio
767 1084 831 1137 tusis
849 1084 889 1139 vel
906 1085 994 1155 captis,

203 1158 315 1231 quinque
339 1160 413 1215 simul
436 1161 579 1215 consulares
603 1160 730 1215 exereitus
751 1160 844 1231 populo
868 1162 993 1227 Romano,

202 1235 303 1289 Varum
320 1241 422 1308 tresque
440 1254 498 1293 oum
519 1256 549 1292 eo
566 1237 678 1304 legiones
698 1237 774 1291 etiam
793 1237 887 1293 emori
907 1238 995 1294 abstu-

203 1312 295 1367 lerunt.
332 1314 388 1369 Neo
403 1315 506 1385 impune
522 1314 551 1369 C.
564 1314 663 1369 Marius
680 1314 707 1368 in
724 1314 806 1379 Italia,
820 1314 893 1369 dirus
909 1316 926 1369 J
928 1316 1017 1371 ulius5

201 1388 230 1443 in
248 1389 456 1459 Gatianensis
474 1410 503 1447 ao
521 1392 591 1446 Nero
609 1395 636 1445 et
654 1391 818 1446 Germanicus
835 1392 863 1445 in
880 1392 933 1447 suis
950 1412 994 1448 eos

202 1464 305 1523 sedibus
324 1468 493 1538 perculerunt.
528 1468 593 1523 Mox
611 1468 728 1539 ingentes
746 1470 773 1522 C.
793 1468 903 1523 Caesaris
920 1470 994 1525 mina

201 1540 229 1595 in
245 1542 381 1600 ludibrium
396 1564 482 1601 versae
519 1544 583 1600 Inde
599 1546 687 1612 otium,
702 1544 782 1600 donee
794 1546 927 1601 oeeasione
943 1546 1018 1605 dis-6

201 1618 293 1675 eordiae
302 1628 394 1677 nostrae
403 1627 430 1677 et
440 1622 551 1677 civilium
560 1640 694 1687 armorum,
704 1622 856 1693 expugnatis
865 1624 991 1695 legionum

202 1695 320 1763 bibernis,
331 1700 406 1755 etiam
416 1700 509 1755 Galbae
517 1700 666 1755 affectavere
675 1721 682 1765 ;
701 1717 730 1753 ae
739 1717 826 1755 rursus
835 1700 902 1771 pulsi
909 1701 992 1773 [inde]

199 1774 324 1843 proximis
336 1776 491 1847 temporibus
503 1776 653 1847 triumphali
663 1776 744 1847 magis
756 1794 830 1847 quam
843 1777 905 1833 viati
915 1788 983 1834 sunt

235 1851 312 1907 Nune
329 1854 360 1909 de
377 1854 466 1909 Suevis
484 1853 617 1909 dieendum
633 1858 680 1919 est,
698 1872 805 1926 quorum
821 1873 873 1909 non
888 1874 945 1923 nna,
961 1863 991 1911 ut
1001 1860 1038 1914 88

200 1928 356 1985 Chattorum
374 1930 587 1987 Tencterorumve
607 1950 686 2003 gena:
705 1936 826 2002 majorem
844 1933 909 1989 enim
931 1934 991 1988 Ger-

199 2008 288 2065 mania
300 2014 398 2078 partem
410 2008 532 2076 obtinent,
542 2009 649 2080 propriis
661 2008 743 2063 adhue
755 2010 900 2064 nationibus
912 2012 992 2065 nomi·

199 2086 323 2155 nibusque
333 2084 442 2151 disereti,
452 2104 592 2157 quanquam
600 2086 627 2140 iu
635 2103 766 2141 eommune
777 2086 853 2141 Suevi
862 2092 991 2148 vooentur.

200 2162 304 2231 Insigne
321 2162 404 2233 gentis
420 2162 549 2234 obliquare
565 2163 660 2217 orinem
675 2161 792 2233 nodoque
809 2163 989 2235 substringere.

199 2238 242 2293 Sia
260 2239 335 2292 Snevi
349 2256 364 2292 a
379 2240 479 2293 caeteris
496 2239 634 2303 Germanis,
648 2237 685 2293 sio
701 2239 841 2295 Suevorum
856 2239 959 2310 ingenui
975 2259 990 2295 a

199 2315 278 2369 servis
296 2319 452 2385 separantur.
490 2316 523 2369 In
544 2315 598 2369 aliis
622 2314 750 2386 gentibus,
771 2334 818 2371 seu
840 2317 1013 2387 eognatione2

198 2391 283 2462 aliqua
301 2390 447 2449 Suevorum.
461 2393 518 2461 (seu
535 2392 602 2463 quod
621 2410 687 2462 saepe
704 2391 819 2458 recidit)
838 2393 987 2461 imitatione,

197 2486 291 2529 rarum,
309 2472 335 2522 et
353 2468 420 2523 intra
432 2473 546 2539 juvente
564 2470 691 2539 spatium:
710 2470 777 2539 apud
795 2471 891 2526 Suevos
908 2491 989 2545 usque

198 2545 230 2599 ad
250 2545 366 2601 canitiem
391 2546 535 2601 horrentem
559 2546 676 2617 capillum
696 2551 766 2601 retro
789 2556 937 2619 sequuntur,
959 2570 989 2606 ac

198 2640 264 2690 saepe
280 2623 306 2677 in
322 2622 377 2693 ipso
394 2624 447 2679 solo
465 2624 558 2679 vertice
573 2624 689 2695 religant.
725 2625 856 2696 Principes
873 2631 900 2681 et
916 2640 1012 2685 orna-u

197 2698 288 2753 tiorem
306 2699 407 2755 habent.
443 2700 482 2755 Ea
503 2719 564 2755 eura
582 2701 676 2765 forma,
699 2701 743 2756 sed
763 2702 887 2758 innoxie:
907 2711 988 2775 neque

197 2776 264 2830 enim
281 2780 310 2829 ut
327 2781 412 2831 ament
430 2782 584 2844 amenturve,
600 2778 627 2832 in
645 2778 801 2834 altitudinem
820 2780 946 2850 quandam
961 2788 988 2836 et

196 2858 327 2917 terrorem,
345 2853 438 2908 adituri
455 2854 527 2919 bella,
545 2855 647 2925 oompti,
667 2861 696 2909 ut
714 2856 826 2911 bostium
843 2856 930 2921 oeulis,
948 2876 988 2912 or·

195 2934 298 2983 riantur.
335 2930 529 2987 Vetustissimos
554 2950 581 2985 se
604 2932 822 3005 nobilissimosque
848 2934 1034 2995 Suevorum39

195 3008 333 3061 Senrnones
351 3014 497 3063 memorant.
534 3008 609 3063 Fides
628 3010 788 3082 antiquitatis
808 3008 928 3080 religione
945 3012 987 3070 fir·
