2575 3592
295 399 328 450 dt
631 400 751 448 ΤΑΟΙΤῙ

925 465 960 511 [Α.
971 463 998 504 u.
1008 465 1031 503 c.
1040 465 1086 508 aaa.

295 511 408 578 sarcinis,
427 511 591 568 tabernacula
609 511 682 568 ducis
702 512 833 584 ipsamque
856 511 960 566 humum
982 513 1039 584 pilis
1059 520 1089 570 et

296 589 390 645 lanceis
408 589 573 644 rimabantur.
608 590 678 645 Nam
696 589 790 644 Valens
814 589 900 644 servili
923 594 995 645 veste
1018 591 1089 662 apud

274 666 456 726 adecurionem
473 667 588 738 equitum
604 665 748 738 tegebatur.
784 666 850 722 Tum
868 667 986 722 Allenius
1001 668 1089 723 Varus

295 745 430 816 proiectus
454 748 603 809 castrorum,
628 743 784 815 deflagrante
807 743 930 815 paulatim
953 744 1087 812 seditione,

295 821 367 876 addit
389 820 530 886 consilium,
554 820 642 876 vetitis
673 821 743 876 obire
766 821 866 892 vigilias
889 821 1088 890 centurionibus,

273 903 388 953 tomisso
399 897 468 953 tube
480 916 549 963 sono,
563 916 614 969 quo
625 898 698 954 miles
708 897 740 953 ad
748 897 807 954 belli
815 899 902 954 munia
910 899 999 955 cietur.
1032 899 1089 972 Igi-

294 979 339 1030 tur
349 979 451 1046 torpere
462 975 556 1041 minati,
566 976 777 1046 circumspectare
786 976 855 1031 inter
866 995 894 1032 se
906 975 1010 1032 attoniti
1021 981 1048 1032 et
1059 976 1088 1032 id

293 1051 386 1124 ipsum,
399 1051 467 1123 quod
480 1070 556 1107 nemo
566 1057 675 1125 regeret,
693 1061 822 1124 paventes.
860 1053 974 1121 Silentia,
988 1054 1088 1125 patien-

293 1129 338 1194 tia,
358 1134 487 1200 postremo
505 1129 623 1200 precibus
639 1148 669 1186 ac
689 1129 798 1186 lacrimis
812 1130 912 1185 veniam
930 1131 1086 1202 quaerebant.

272 1206 333 1262 cUt
357 1225 416 1261 vero
436 1205 555 1262 deformis
579 1211 606 1262 et
623 1208 687 1262 flens
705 1211 731 1262 et
749 1211 842 1279 prater
859 1225 930 1279 spem
952 1208 1087 1264 incolumis

293 1283 527 1355 Valensprocessit,
534 1283 663 1355 gaudium,
672 1285 808 1350 miseratio,
822 1284 910 1340 favor:
929 1285 997 1340 versi
1006 1285 1033 1340 in
1044 1285 1086 1340 lea

293 1360 385 1426 titiam,
403 1365 434 1415 ut
445 1366 486 1417 est
498 1361 591 1432 vulgus
607 1365 716 1432 utroque
731 1361 902 1417 immodicum.
936 1361 1085 1418 Laedentes

293 1441 475 1508 gratantesque
487 1437 670 1493 circumdatum
682 1438 772 1510 aquilis
784 1439 914 1511 signisque
930 1439 957 1493 in
972 1439 1085 1495 tribuual

272 1515 387 1570 cierunt.
423 1515 472 1569 Ille
492 1513 550 1569 utili
568 1514 741 1572 moderatione
758 1534 810 1570 non
829 1516 981 1588 supplicium
1000 1517 1084 1588 cujus-

294 1609 369 1662 quam
376 1591 509 1662 poposcit3
528 1609 605 1659 ac,ne
617 1590 778 1647 dissimulans
788 1593 930 1661 suspeetior
939 1593 1012 1660 loret,
1022 1611 1084 1664 pau·

293 1685 336 1723 cos
359 1668 502 1734 incusavit3
523 1686 618 1740 gnaram
642 1668 758 1724 civilibus
782 1669 855 1724 bellis
879 1669 936 1740 plus
960 1670 1083 1726 militibus

249 1748 367 1816 80quam
381 1744 579 1800 ducibuslicere.
616 1745 794 1802 Munientibus
803 1746 1084 1818 castraapudTicinam

292 1821 324 1878 de
342 1822 447 1877 adversa
464 1822 571 1878 Caecina
588 1841 676 1894 pugne
692 1823 804 1889 allatum,
823 1827 850 1880 et
867 1841 946 1895 prope
963 1829 1084 1880 renovata

291 1899 391 1965 seditio,
422 1903 544 1971 tanquam
569 1899 659 1955 nanda
680 1907 707 1956 et
735 1899 940 1956 cunctationibus
965 1901 1082 1957 Valentis

291 1973 383 2048 prelio
394 1976 541 2032 defuissent.
577 1977 655 2033 Nolle
672 1978 793 2049 requiem,
805 1996 858 2033 non
878 1981 1025 2048 exspectare
1036 1978 1082 2034 du·

291 2072 353 2120 cem,
367 2054 463 2109 anteire
479 2054 559 2126 signa,
576 2073 668 2126 urgere
686 2055 829 2127 signiferos.
865 2054 965 2126 Rapido
983 2055 1082 2128 agmine

268 2131 399 2188 wama
415 2132 567 2203 junguntur.
603 2131 766 2203 Improspera
787 2131 904 2186 Valentis
927 2131 995 2186 lama
1015 2131 1083 2204 apud

290 2211 429 2266 exercitum
453 2209 560 2264 cecina
577 2213 649 2263 erat:
668 2209 797 2280 expositos
815 2227 843 2264 se
860 2212 933 2264 tanto
950 2209 1081 2280 pauciores

290 2287 396 2358 integris
408 2287 520 2342 hostium
531 2285 627 2341 viribus
639 2285 817 2357 querebantur,
831 2285 907 2340 simul
917 2285 945 2340 in
956 2304 1029 2342 suam
1040 2305 1082 2342 cx·

290 2364 453 2432 cusationem,
470 2368 498 2419 et
520 2362 713 2418 adventantium
736 2363 814 2418 robur
837 2381 883 2435 per
912 2362 1082 2420 mentionem

268 2447 443 2513 demolientes,
464 2465 497 2502 ne
514 2451 545 2502 nt
561 2447 624 2502 victi
640 2449 667 2501 et
686 2447 772 2519 ignavi
792 2445 1010 2519 despectarentur.
1045 2447 1082 2506 at

289 2543 433 2595 quanquam
444 2523 501 2595 plus
512 2524 612 2590 virium,
623 2542 703 2596 prope
715 2524 859 2596 duplicatus
871 2525 999 2598 legionum
1011 2527 1082 2582 auxi·

287 2601 429 2671 lior-umque
440 2619 560 2656 numerus
576 2606 631 2656 erat
648 2601 757 2668 Valenti,
770 2602 856 2659 studia
872 2607 958 2658 tamen
972 2605 1082 2660 militum

287 2678 315 2734 in
331 2677 456 2734 Caecinam
467 2677 629 2744 inclinabant,
642 2697 720 2750 super
736 2679 922 2751 benignitatem
934 2680 1018 2746 animi,
1032 2699 1084 2752 qua

287 2755 428 2827 promptior
444 2754 590 2821 habebatur,
609 2755 687 2810 etiam
708 2755 796 2828 vigore
820 2757 911 2826 atatis,
929 2758 1084 2828 proceritate

264 2832 400 2904 seorporis
411 2835 439 2888 et
450 2831 578 2904 quodam
569 2851 641 2901 mam
632 2832 747 2888 &favore
783 2833 854 2889 Hinc
866 2834 976 2890 mmulut
956 2840 994 2890 tao
1012 2835 1083 2891 duci-
1155 2887 1156 2900 ,

286 2909 353 2976 bus;
370 2909 512 2965 Cecinaut
522 2908 618 2965 fadum
630 2927 661 2964 ac
673 2909 839 2977 maculosum,
852 2910 895 2967 ille
906 2915 937 2966 ut
954 2912 1083 2968 tumidum

263 2998 318 3047 tao
328 3006 421 3044 raama
433 2986 578 3044 irridebant.
624 2986 675 3043 Sed
687 2987 791 3045 condito
802 2988 861 3045 edio
872 2987 978 3046 candem
985 2990 1083 3046 utilite·
1155 2917 1156 3060 l
