2575 3592
314 362 348 409 44
650 354 770 406 ruem

942 421 977 469 [s.
987 415 1018 460 u.
1027 421 1053 460 c.
1066 419 1122 462 sss.

292 471 394 526 evincti
404 462 573 525 cedebantur.
609 466 727 540 Namque
739 469 831 524 mirum
843 468 914 524 dictu
930 478 960 523 ut
972 469 1007 524 sit
1025 472 1120 524 omnis

315 549 485 602 Sarmatarum
503 546 584 601 uirtus
602 546 673 601 velut
691 552 766 602 extra
783 548 870 618 ipsos:
887 545 950 600 nihil
966 545 998 600 ud
1017 547 1119 617 pedes-

313 630 380 680 trem
392 643 503 696 pugnam
515 628 568 678 tam
585 624 719 694 ignavum3
738 623 783 679 ubi
797 642 842 694 per
856 627 953 678 turmas
971 623 1117 690 advenere,

292 703 358 771 μὴ
368 702 422 757 ulla
433 701 499 756 acies
511 701 647 756 obstiterit.
684 701 734 756 Sed
746 705 801 756 tmn
813 701 917 756 humido
928 701 969 756 die
980 705 1007 756 et
1021 701 1118 758 soluto

255 813 266 834 .
314 779 374 851 gelu
385 797 466 850 neque
478 776 548 833 eunti
561 795 644 848 neque
660 777 743 849 gladii,
756 797 819 849 quos
837 777 977 850 praelougos
994 786 1118 850 utreque

314 875 391 911 munu
402 859 502 927 regunt,
516 855 581 920 usui,
595 855 751 925 lapsantibus
763 856 834 926 equis
847 860 873 910 ct
885 855 1116 926 cataphmetamrm

292 933 433 1004 cpondere.
468 932 501 988 Id
512 931 668 1004 principibus
681 937 708 986 et
715 931 869 987 nobilissimo
879 933 970 1004 cuique
981 933 1112 1004 tegimen,

314 1011 402 1066 lemeis
411 1010 510 1065 luminis
519 1014 564 1064 eut
574 1008 691 1080 predum
700 1009 768 1065 corio
777 1013 931 1075 consertum,
940 1013 970 1064 ut
981 1009 1115 1067 adversus

313 1089 383 1143 istus
392 1086 590 1160 impenetrabile,
601 1087 639 1142 ita
650 1086 748 1158 impetu
759 1087 871 1142 hostium
883 1085 1024 1158 pruvolutis
1036 1087 1113 1142 inba-

313 1164 364 1220 bile
381 1165 414 1220 ad
430 1164 629 1236 resurgendum:
649 1165 724 1222 nmul
736 1163 870 1220 altitudine
882 1168 909 1219 et
919 1163 1028 1218 mollitis
1039 1164 1112 1220 nivis

294 1242 502 1298 thauriebantur.
542 1243 675 1298 Ronanus
690 1243 761 1298 miles
777 1241 858 1298 facilis
875 1241 952 1296 lorica
969 1244 995 1294 ct
1013 1242 1111 1297 missili

314 1320 366 1391 pilo
381 1324 427 1375 sut
440 1320 533 1375 lanceis
548 1320 682 1388 assultans,
700 1321 745 1376 ubi
758 1339 799 1376 res
814 1322 937 1391 posceret,
952 1318 1002 1372 levi
1018 1319 1110 1390 gladio

313 1396 434 1452 inermem
446 1399 587 1452 Semelam
599 1399 692 1468 (neque
704 1398 770 1453 enim
783 1401 856 1452 scuto
866 1395 966 1450 delendi
977 1413 1034 1450 mes
1044 1398 1109 1465 est‚)

315 1475 428 1530 eominus
440 1474 560 1540 fodiebat,
574 1473 654 1530 donec
666 1475 748 1545 pauci,
763 1475 806 1546 qui
818 1473 904 1545 praelio
916 1471 1109 1544 superfuerant,

314 1551 448 1623 puludibus
467 1551 635 1607 abderentur:
662 1553 698 1607 ibi
716 1553 814 1607 sevitia
832 1551 921 1607 hiemis
936 1556 960 1605 et
976 1553 1002 1604 ui
1017 1551 1110 1606 vulne-

292 1643 371 1688 tmm
392 1629 527 1698 absumpti.
562 1629 702 1700 Postquam
721 1629 748 1684 id
769 1629 858 1684 Minae
877 1632 1043 1698 compertum,
1063 1628 1107 1684 Μ.

314 1705 430 1776 Aponius
448 1705 566 1760 Muniam
583 1706 700 1762 obtinens
718 1706 863 1776 triumphali
885 1710 977 1770 statue,
996 1704 1109 1761 Fulvius
1138 1769 1139 1772 Ἴ

315 1782 434 1836 Aurelius
445 1786 473 1836 et
488 1782 605 1837 Julianus
623 1783 706 1838 'iltius
723 1795 752 1838 uc
771 1783 904 1838 Numisius
918 1783 1007 1852 Lupus
1024 1782 1109 1854 legati
1138 1773 1139 1786 ¹

314 1859 441 1930 legionum
449 1859 621 1914 consularibus
628 1860 783 1916 omcmentis
790 1861 923 1925 donentur,
933 1859 991 1914 leto
999 1859 1108 1916 Othone

315 1942 342 1990 et
353 1935 457 2008 gloriam
469 1935 496 1990 in
508 1955 536 1990 se
547 1936 671 2002 trahente,
684 1942 805 2008 tunquam
817 1942 843 1992 et
855 1937 910 2008 ipse
921 1936 981 1991 felix
992 1936 1066 2003 bello,
1078 1943 1109 1992 et

315 2013 368 2068 suis
380 2012 486 2068 ducibus
498 2014 600 2084 suisque
611 2014 765 2070 exercitibus
776 2033 830 2070 rem
842 2014 968 2086 publicum
980 2013 1106 2070 auxisset.

270 2094 309 2146 80
340 2091 423 2145 Parvo
432 2090 533 2144 interim
545 2090 626 2158 initio,
635 2093 704 2168 unde
716 2091 778 2146 nibil
787 2091 931 2156 timebatur,
941 2097 998 2146 ortu
1009 2090 1106 2146 seditio

314 2185 392 2239 prope
404 2167 461 2222 urbi
476 2167 573 2222 excidio
588 2168 646 2223 luit.
683 2169 818 2240 Septimum
835 2169 955 2224 decimam
971 2167 1106 2225 eohortem

315 2263 330 2299 e
347 2244 443 2299 colonia
460 2231 573 2318 Ostiensi
590 2246 617 2300 in
634 2245 723 2300 urbem
742 2246 817 2300 acciri
834 2246 903 2300 Otho
919 2245 1045 2316 jusserat3
1063 2265 1109 2302 ar-

314 2322 411 2376 mandae
426 2323 481 2392 ejus
494 2339 556 2378 cura
566 2323 644 2378 Vario
657 2323 782 2396 Crispino,
794 2321 897 2378 tribuno
909 2341 923 2378 e
935 2323 1108 2392 pretorianis,

292 2397 381 2452 2dutu
417 2398 447 2452 Is
457 2417 508 2468 quo
519 2399 602 2470 magis
619 2417 714 2454 vcouus
733 2399 825 2471 quietis
842 2400 931 2454 castris
943 2399 1014 2470 jussa
1030 2417 1109 2456 exse-

315 2477 442 2546 queretur,
466 2475 581 2530 ve'niculu
603 2477 714 2532 cohortis
738 2478 873 2548 incipiente
896 2482 972 2531 nocte
995 2480 1107 2549 onerari,

292 2557 403 2624 superte
420 2553 620 2626 armamentario,
635 2553 716 2624 jubet.
752 2555 863 2625 Tempus
881 2555 908 2609 in
925 2553 1105 2624 suspicionem,

314 2648 391 2684 causa
401 2629 429 2684 iu
440 2629 541 2693 crimen,
554 2629 681 2684 affectatio
697 2631 827 2702 quietis-in
839 2631 976 2686 tumultum
988 2631 1085 2688 evaluit
1097 2658 1105 2701 ;

313 2711 341 2762 et
361 2706 416 2761 visu
432 2706 500 2762 inter
516 2706 669 2761 temulentos
686 2725 756 2762 erma
773 2709 915 2778 cupidinem
933 2708 973 2776 sui
990 2726 1103 2768 movere.

313 2783 410 2838 mamis
421 2782 500 2846 miles,
513 2786 539 2837 et
554 2782 670 2838 tribunos
682 2785 890 2856 centurionesque
902 2783 1051 2858 proditionis
1064 2805 1105 2842 ur-

313 2860 379 2932 guit,
393 2865 512 2931 tauquam
523 2859 624 2914 lernilirs
641 2865 787 2915 senatorum
800 2861 831 2915 ad
843 2862 978 2932 perniciem
990 2862 1105 2922 Othonis

313 2941 478 3006 sumerentur,
493 2954 553 3008 pars
567 2936 649 3007 ignari
664 2941 691 2991 et
707 2937 765 2992 uino
781 2955 879 3010 gruum
891 2939 1015 3010 pessimus
1031 2943 1106 3012 quis·
