2575 3592
280 427 311 472 28
525 429 531 444 ’
607 423 727 473 TACITI

906 485 1072 537 [aucam.

259 535 416 592 adscivisse
439 533 593 589 crederetur.
627 536 694 590 lum
712 538 776 593 dnos
793 537 907 593 omnium
925 535 1074 590 mortalium

280 610 439 682 impudicitia
459 610 560 681 ignavia
579 611 680 668 luxuria
700 615 848 670 deterrimos
869 613 941 670 velut
962 611 995 667 ad
1014 630 1075 682 per·

281 687 391 742 dandum
404 687 537 756 imperium
549 687 661 744 fataliter
673 691 767 747 electos
779 710 832 746 non
844 695 947 746 senatus
958 688 1033 744 modo
1046 693 1074 744 et

282 782 367 835 eques,
379 773 436 835 quis
448 763 532 834 aliqua
543 782 602 834 pars
614 771 641 820 at
653 785 715 822 cura
731 769 768 824 rei
785 768 897 841 publica,
917 767 963 823 sed
979 766 1074 836 vulgus

260 854 382 913 aquaque
397 840 479 912 palam
497 859 607 896 maerere.
645 841 702 901 Nec
718 845 771 917 jam
788 846 900 902 recentia
915 863 986 900 aava
1002 843 1075 914 pacis

282 917 404 989 exempla,
415 918 460 972 sed
470 918 579 988 repetita
588 918 710 976 bellomm
720 923 830 978 civilium
841 921 962 978 memoria
972 924 1075 992 captam

282 997 377 1051 totiens
400 996 454 1050 suis
478 996 630 1051 exercitibus
648 999 744 1066 urbem,
762 1001 908 1055 vastitatem
926 997 1018 1062 Italica,
1037 997 1076 1052 di·

283 1073 410 1143 reptiones
423 1072 614 1146 provinciarum,
628 1074 784 1131 Pharsaliam
800 1077 931 1148 Philippos
949 1079 976 1130 et
993 1075 1077 1129 Peru-

284 1150 347 1204 siam
365 1167 394 1204 ac
411 1149 547 1217 Mutinam,
568 1155 630 1206 nota
652 1153 809 1224 publicamm
832 1153 942 1208 cladium
964 1151 1076 1218 nomina,

261 1226 459 1298 lloqnebantur.
506 1227 589 1298 Prope
612 1247 728 1285 eversum
752 1230 838 1286 orbem
862 1231 939 1285 etiam
963 1247 1022 1283 cum
1043 1227 1078 1282 de
1151 1265 1152 1290 ,

284 1305 430 1376 principatu
453 1303 521 1360 inter
544 1304 623 1360 bonos
647 1311 805 1374 cartaretur;
831 1306 877 1361 sed
897 1303 1020 1360 mansisse
1044 1304 1077 1358 G.
1151 1321 1152 1336 ¹

284 1381 364 1449 Julio,
390 1381 512 1437 mansisse
537 1381 637 1437 Caesare
660 1385 781 1456 Augusto
804 1384 900 1439 victore
923 1382 1077 1454 imperium

283 1477 426 1513 mansuram
439 1459 518 1513 fuisse
530 1458 578 1513 snb
590 1459 713 1530 Pompeio
730 1462 862 1532 Brutoque
876 1479 930 1516 rem
942 1459 1078 1531 publicam.

262 1535 362 1590 ⁵ch
378 1555 425 1608 pro
442 1535 544 1590 Othone
565 1553 598 1590 an
617 1555 664 1608 pro
685 1539 790 1594 Vitellio
807 1539 833 1593 in
855 1537 949 1608 templa
972 1536 1078 1591 ituros?

284 1617 407 1684 utrasque
419 1613 508 1682 impias
524 1631 619 1683 preces,
635 1620 744 1686 utraque
763 1614 912 1670 detestanda
921 1617 994 1678 'vota
1009 1613 1079 1668 inter

286 1693 350 1744 duos
362 1708 470 1760 quorum
481 1689 546 1744 bello
558 1691 640 1745 solum
652 1691 679 1746 id
690 1693 777 1758 scires,
795 1691 949 1747 deteriorem
964 1691 1019 1744 fore
1031 1690 1080 1760 qui

265 1767 396 1828 evicisset.
432 1767 512 1821 lirant
525 1767 569 1837 qui
583 1768 767 1839 Vespasianum
784 1773 810 1824 et
826 1787 895 1824 arma
907 1765 1019 1822 Orientis
1033 1783 1079 1820 au-

287 1847 447 1915 gurarentur.
478 1843 514 1897 Et
526 1848 556 1898 ut
568 1845 652 1914 potior
663 1851 773 1917 utroque
781 1846 961 1917 Vespasianus,
976 1843 1013 1898 ita
1025 1841 1080 1898 bel·

287 1920 340 1975 lum
358 1919 426 1974 aliud
444 1924 520 1990 atquc
539 1921 601 1976 alias
619 1921 702 1977 clades
720 1923 864 1978 horrebant.
907 1922 942 1977 nt
960 1919 1081 1990 ambigua

288 1997 320 2052 de
331 1997 488 2068 Vespasiano
501 1997 583 2064 fama3
607 1999 726 2070 solusque
738 2001 850 2055 omniurn
862 2003 920 2055 ante
936 2017 964 2054 se
981 1997 1077 2069 princi-

288 2093 348 2145 pum
361 2074 388 2129 in
399 2073 489 2129 melius
501 2079 614 2130 mutatus
626 2080 674 2132 est.

242 2155 279 2210 51
324 2152 401 2208 Nunc
424 2152 497 2207 initia
519 2170 660 2224 causasque
681 2157 766 2209 motus
784 2153 916 2209 Vitelliani
939 2151 1080 2223 expediam.

289 2229 362 2284 Caso
377 2247 436 2285 curn
453 2229 571 2284 omnibus
587 2231 667 2300 copiis
685 2231 754 2285 Julio
770 2231 886 2296 Vindice,
906 2230 978 2285 lerox
994 2227 1082 2300 praeda

290 2307 420 2378 gloriaque
431 2307 566 2372 exereitus,
578 2311 609 2361 ut
621 2309 663 2362 cui
678 2308 732 2362 sine
744 2307 829 2363 labore
841 2326 871 2363 sc
882 2306 994 2378 periculo
1006 2305 1081 2360 ditis-
1152 2309 1153 2360 ἶ

290 2384 349 2438 simi
372 2383 431 2438 belli
454 2385 561 2440 victoria
579 2385 713 2450 evenisset,
738 2385 923 2456 expeditionem
944 2388 971 2438 et
991 2383 1079 2447 aciem,
1152 2423 1153 2454 ἶ

268 2460 395 2532 apraemia
405 2479 480 2531 quam
492 2461 618 2532 stipendia
632 2462 751 2518 malebat.
787 2463 841 2517 Diu
856 2462 1037 2517 iulmctuosam
1052 2465 1081 2514 ct
1152 2469 1153 2530 }

291 2555 405 2608 asperam
426 2537 539 2592 militiam
562 2539 731 2594 toleraverant
752 2539 853 2610 ingenio
872 2538 920 2593 loci
935 2536 1038 2607 caelique
1052 2540 1081 2590 et
1152 2543 1153 2610 ζ

292 2608 428 2663 severitate
446 2606 591 2677 discipline,
610 2628 686 2680 quam
704 2610 731 2664 in
748 2627 809 2680 pace
827 2607 1006 2663 inexorabilem
1030 2606 1080 2660 dis·
1152 2613 1153 2636 ¹

292 2683 384 2740 cordiae
396 2684 490 2738 civium
503 2685 641 2749 resolvunt,
654 2686 749 2756 paratis
761 2686 881 2756 utrinque
890 2681 1080 2754 corruptoribus

270 2771 320 2820 aet
332 2759 436 2832 perfidia
447 2760 579 2831 impunita
614 2763 679 2826 Viri,
699 2780 777 2820 arma,
791 2761 851 2830 equi
866 2760 898 2814 ad
916 2779 990 2814 usum
1006 2765 1032 2814 et
1048 2758 1081 2813 ad

293 2837 371 2892 decus
388 2842 543 2908 supererant.
581 2837 631 2891 Sed
649 2842 708 2891 ante
725 2837 820 2891 bellum
836 2836 963 2890 centurias
979 2840 1081 2890 tantum

293 2931 352 2969 suas
364 2917 511 2984 turmasque
528 2922 668 2977 nouerant;
686 2913 812 2967 exercitus
829 2912 923 2967 finibus
942 2911 1082 2981 provincis-

271 3004 350 3050 4nuu
372 2989 585 3046 discernebantur.
629 2989 695 3044 Tum
718 2987 839 3043 adeamus
863 2985 996 3044 Vindicem
1022 3005 1082 3043 con-
