2575 3592
173 512 201 551 Α
214 510 235 548 l>
250 509 294 558 ⁶⁹]
359 441 609 493 HISTORIARUM
628 441 665 490 Il.
684 441 785 489 11-14.
937 441 969 489 59

174 561 204 613 Is
218 559 321 614 concita
331 562 408 629 gente
421 559 479 627 (nec
496 555 568 610 deest
582 553 723 626 juventam)
738 571 822 608 arcere
834 551 973 624 provincia

173 637 273 692 finibus
293 635 451 691 Othonianos
471 633 589 689 intendit.
626 630 677 686 Sed
694 631 775 703 primo
796 631 893 702 impetu
910 629 994 696 caesia

174 714 330 784 disjectique
349 711 471 776 montani,
492 716 522 765 ut
546 709 637 781 quibus
661 714 756 763 temere
781 708 899 772 collectis,
917 727 970 762 non

174 796 272 856 castra,
297 809 348 844 non
371 789 460 844 ducem
484 787 677 853 noscitantibus‚
700 805 782 857 neque
809 787 837 840 in
864 785 970 840 victoria

175 869 257 922 decus
281 873 349 922 esset
371 885 454 936 neque
478 865 505 919 in
528 865 590 935 iuga
609 864 744 936 flagitium.
792 863 915 917 Inritatus
939 881 969 916 eo
982 867 1016 920 13

175 946 268 1017 praelio
279 945 388 1000 Othonis
399 943 471 998 miles
483 943 561 997 vertit
577 942 627 996 irae
639 943 668 996 in
683 941 846 1012 municipium
859 941 970 996 Albinti-

174 1023 285 1077 milium.
322 1022 425 1093 Quippe
441 1021 469 1074 in
486 1020 539 1074 acie
557 1020 620 1074 nihil
636 1018 736 1090 praedae,
750 1020 837 1090 inopes
856 1024 970 1090 agrestes

176 1109 204 1155 et
216 1101 279 1155 vilia
290 1117 374 1165 arma;
392 1117 440 1153 nee
451 1098 507 1168 capi
518 1101 644 1168 poterant,
659 1097 747 1167 pernix
759 1115 839 1167 genus
856 1103 882 1151 et
895 1097 970 1168 gnari

176 1179 302 1232 locorum.
339 1176 389 1231 Sed
400 1175 585 1230 calamitatibus
597 1174 735 1228 insontium
748 1175 848 1245 expleta
857 1175 995 1235 avaritiae

176 1256 262 1309 Auxit
282 1253 400 1308 invidiam
416 1252 535 1324 preclaro
551 1251 666 1322 exemplo
684 1251 785 1306 sicinina
802 1251 891 1323 Ligus,
905 1271 969 1322 quae,

176 1333 230 1387 lilio
247 1331 342 1396 abdito,
356 1349 413 1385 cum
430 1329 504 1384 simul
520 1329 652 1400 pecuniam
668 1328 790 1383 occultari
807 1330 898 1384 milites
916 1348 970 1385 ore·

177 1409 312 1473 didissent,
329 1425 409 1478 eoque
424 1426 470 1478 per
486 1407 613 1461 eruciatus
629 1407 815 1478 interrogarent
831 1407 876 1460 ubi
890 1407 970 1462 filium

178 1486 315 1550 occuleret,
332 1490 432 1539 uterum
450 1483 595 1549 ostendeus,
616 1483 737 1538 “latere''
755 1483 901 1554 respondit;
923 1503 970 1540 nec

178 1564 238 1618 ullis
263 1562 353 1618 deinde
376 1561 515 1616 terroribus
539 1565 584 1616 aut
608 1565 689 1615 morte
713 1562 880 1616 constantiam
901 1563 970 1617 vocis

178 1641 290 1713 egregia
304 1640 419 1694 mutavit.
455 1639 593 1693 Imminere
609 1639 744 1709 provincie
761 1639 930 1704 Narbonensi,
943 1640 970 1694 in
981 1640 1017 1697 14

176 1719 259 1773 rerba
278 1717 376 1772 Vitellii
397 1715 499 1780 adacte,
521 1716 627 1770 classem
647 1716 755 1771 Othonis
774 1717 867 1788 trepidi
886 1717 970 1772 nuntii

178 1795 260 1850 Fabio
282 1793 386 1849 Valenti
412 1793 528 1848 attulere.
574 1792 688 1848 Aderant
712 1793 791 1866 legati
814 1795 995 1854 coloniarnmt

179 1873 302 1927 auxilium
314 1877 423 1926 orantes.
460 1871 532 1925 Duas
544 1871 706 1942 Tungrorum
724 1873 848 1936 cobortes,
860 1877 969 1942 quatuor

179 1951 295 2020 equitum
306 1953 411 2013 turmas,
425 1948 565 2002 universam
579 1948 741 2002 Trevirorum
753 1949 815 2003 alam
829 1968 886 2004 cum
899 1949 916 2003 J
918 1950 969 2006 ulio

180 2027 294 2082 Classico
305 2026 425 2097 prefecto
441 2026 528 2091 misit;
547 2044 562 2079 e
578 2026 671 2096 quibus
690 2045 748 2097 pars
764 2027 791 2081 in
807 2027 904 2081 colonia
920 2027 969 2080 Fo-

180 2104 309 2174 rojuliensi
325 2107 432 2168 retenta,
448 2122 488 2168 ne,
506 2102 622 2158 omnibus
639 2104 718 2174 copiis
736 2104 763 2158 in
780 2107 901 2158 terrestre
919 2105 969 2159 iter

180 2182 269 2248 versis,
280 2199 359 2236 vacuo
370 2180 435 2234 mari
450 2180 537 2235 elassis
553 2179 712 2236 acceleraret.
746 2180 887 2236 Duodecim
900 2183 992 2252 equi-s

181 2263 238 2313 tum
249 2262 340 2312 turma
351 2262 378 2311 et
389 2257 451 2312 lecti
462 2276 477 2312 e
494 2257 640 2313 cohortibus
653 2259 773 2313 adversus
790 2259 888 2313 hostem
900 2259 967 2326 icre;

182 2335 274 2406 quibus
291 2334 411 2406 adjuncta
426 2335 550 2410 Ligurum
569 2336 667 2402 cohors,
680 2341 755 2390 vetus
771 2336 820 2391 loci
838 2335 966 2402 auxilium,

183 2418 210 2467 et
221 2412 353 2484 quingenti
364 2413 494 2480 Pannonii,
507 2413 619 2468 nondum
632 2413 680 2468 sub
699 2413 785 2485 siguis.
822 2414 878 2469 Nec
896 2423 992 2470 morat

183 2490 275 2560 prelio,
284 2489 330 2544 sed
338 2490 391 2544 acie
402 2490 439 2544 ita
449 2490 576 2544 instructa
586 2495 617 2544 ut
628 2509 687 2562 pars
699 2491 867 2557 classicorum,
880 2492 967 2547 mixtis

184 2567 294 2637 paganis,
305 2567 333 2621 in
348 2567 424 2622 colles
435 2568 499 2622 nrari
510 2568 665 2639 propinquos
679 2574 833 2641 exsurgeret,
844 2577 966 2641 quantum

185 2644 338 2699 intercades
353 2663 383 2700 ac
398 2645 460 2700 litus
476 2646 542 2717 aqrii
553 2645 609 2712 loci,
622 2648 788 2718 praetorianus
799 2647 871 2702 miles
883 2647 967 2718 exple·
1062 2663 1068 2672 ·

186 2725 232 2786 ret,
241 2722 267 2776 in
276 2723 332 2794 ipso
343 2724 406 2778 mari
418 2728 448 2777 ut
460 2741 558 2778 annexa
569 2724 655 2779 classis
665 2728 691 2779 et
703 2743 794 2796 pugnae
803 2729 897 2796 parata,
908 2743 968 2780 eon-

186 2817 256 2852 versa
263 2805 288 2855 et
297 2800 388 2855 minaei
400 2801 484 2855 fronte
493 2801 706 2872 praetenderetur:
728 2802 864 2866 Vitelliani,
875 2801 966 2872 quibus

186 2877 265 2931 minor
280 2877 393 2949 peditum
410 2879 457 2943 ris,
476 2879 503 2933 in
519 2880 604 2950 equite
622 2879 706 2948 robur,
724 2880 829 2950 Alpinos
848 2877 967 2950 proximis

185 2955 259 3025 jugis,
278 2956 394 3011 cohortes
413 2956 497 3011 densis
514 2957 643 3012 ordinibus
664 2961 723 3028 post
744 2957 853 3027 equitem
874 2954 965 3009 locant.

187 3033 343 3089 Trevirorum
365 3043 456 3089 turmae
479 3033 594 3089 obtulere
622 3054 651 3090 se
676 3034 745 3090 hosti
773 3033 882 3096 incaute,
909 3038 991 3084 cuine
