2575 3592
299 378 348 426 2³8
632 376 752 427 reem

300 508 350 561 que
371 488 487 545 civitates
506 486 534 544 id
552 506 653 555 nomeu,
671 508 703 546 ee
721 487 803 561 glorie
820 489 872 552 est,
890 486 915 543 si
931 502 1041 543 numero
1056 504 1090 542 ec

299 568 397 623 virtute
408 566 543 622 comitatus
559 567 684 622 emineat:
702 569 858 638 expetuntur
873 565 940 621 enim
954 564 1091 637 legationi·

300 644 357 711 bus,
373 648 400 699 et
414 642 563 699 muneribus
579 648 712 709 ornantur,
731 648 758 699 et
778 643 835 714 ipse
852 644 1002 714 plerumque
1022 642 1092 697 rama

259 718 367 777 l4bellu
376 720 520 793 profligunt.
556 721 619 775 Gom
630 725 736 775 ventum
747 720 775 775 in
789 720 875 785 eciem,
887 724 965 789 turpe
979 718 1091 789 principi

301 798 398 855 virtute
414 798 488 865 vinci,
505 800 580 869 turpe
598 797 731 853 comitatui
749 797 872 853 mmutem
892 795 1016 867 principis
1035 812 1090 849 non

279 874 440 947 tedaeqrmre.
475 874 534 929 Jem
550 892 611 929 vero
626 874 721 930 infume
736 873 763 929 in
778 892 879 929 omnem
893 873 974 928 vitem
988 890 1022 927 ec
1032 890 1094 943 pro-

302 952 413 1017 brosum,
437 950 602 1022 superstitem
621 950 729 1023 principi
749 968 796 1006 suo
816 969 849 1006 ex
871 950 925 1005 acie
947 950 1093 1005 recessisse.

303 1028 380 1084 Illum
396 1027 539 1095 defendere,
555 1028 630 1096 tueri,
646 1046 694 1082 sue
708 1046 809 1099 quoque
824 1027 902 1082 fortia
918 1026 988 1082 iectu
1005 1027 1094 1097 glorie

303 1110 359 1176 ejus
371 1106 506 1178 assignare,
519 1105 674 1177 precipuum
685 1108 869 1160 sacramentum
881 1107 929 1160 est.
959 1102 1094 1173 Principes

281 1196 349 1254 apro
360 1182 466 1238 victorie
477 1186 600 1253 pugnent,
613 1182 719 1237 comites
730 1200 776 1253 pro
792 1181 913 1253 principe.
957 1181 986 1235 Si
1002 1181 1094 1235 civitas

302 1260 330 1315 iu
348 1278 398 1331 quu
413 1260 465 1315 orti
481 1262 542 1314 sunt
561 1258 638 1330 longe
651 1276 714 1329 poce
728 1262 756 1313 et
776 1258 830 1313 otio
847 1260 957 1329 torpent,
976 1257 1095 1328 plerique

303 1336 425 1393 nobilium
440 1335 635 1391 adolescentium
650 1340 742 1406 petunt
756 1335 825 1390 ultro
840 1352 883 1391 eus
903 1335 1022 1389 ustiones
1037 1352 1095 1405 qum

303 1418 361 1469 tum
372 1413 465 1469 bellum
477 1411 577 1484 eliqnod
589 1416 691 1485 gerunt,
703 1412 764 1483 quin
773 1416 801 1467 et
812 1412 913 1483 ingrato
927 1411 1002 1483 genti
1013 1412 1094 1483 quies,

304 1496 332 1546 et
344 1491 441 1546 facilius
453 1490 520 1545 inter
532 1488 652 1559 rumpitis
666 1488 815 1556 clarescunt,
830 1506 1003 1560 magnumque
1017 1488 1096 1543 comi-

283 1570 389 1624 ttatum
401 1566 502 1622 nonnisi
512 1566 539 1621 vi
551 1565 667 1637 belloque
678 1570 774 1621 tueare.
810 1565 924 1637 Exiguus
939 1566 1010 1621 enim
1026 1565 1097 1636 prin·

306 1645 369 1716 cipis
381 1644 421 1700 sui
432 1642 582 1701 liberalitate
595 1642 667 1697 illum
681 1641 827 1697 bellatorem
840 1660 941 1713 equum,
953 1641 1024 1696 illum
1040 1660 1097 1697 cru·
1139 1635 1140 1650 ¹

306 1726 391 1777 entem
399 1720 575 1792 victricemque
584 1718 713 1775 fremmm.
743 1719 941 1791 Numepuiseet,
950 1738 1097 1791 quenquam

307 1797 437 1868 incompti,
454 1796 518 1868 largi
533 1801 620 1852 temen
636 1805 772 1868 apparatus
787 1814 834 1867 pro
849 1796 977 1867 stipendio
991 1796 1096 1851 cedunt.

284 1874 418 1929 §Materia
435 1873 612 1929 munificentie
628 1873 755 1945 perbelle
772 1879 799 1929 et
817 1877 913 1944 ruptus
948 1873 1008 1929 Nec
1025 1891 1098 1927 erare

306 1956 401 2007 terrem
420 1955 465 2005 unt
483 1955 630 2020 exspectare
651 1968 745 2005 anuum
762 1954 815 2005 tem
833 1950 908 2005 iecsse
931 1950 1098 2021 persuaseris,

309 2046 385 2099 quem
401 2044 491 2082 vocure
508 2026 608 2083 hostem
625 2030 652 2081 et
667 2027 772 2081 vulnere
782 2027 881 2082 mereri.
916 2026 1025 2098 Pigrum
1036 2027 1099 2097 quin

307 2104 384 2161 immo
402 2108 429 2160 et
441 2103 508 2159 iners
531 2103 632 2159 videtur
655 2104 747 2159 sudore
770 2103 899 2175 acquirere
922 2102 994 2175 quod
1015 2104 1101 2175 possis

310 2181 432 2254 sanguine
445 2199 543 2252 putare.

267 2264 301 2320 15
344 2259 452 2318 Quoties
472 2257 539 2313 belle
556 2274 607 2311 non
630 2256 728 2322 ineunt,
752 2275 803 2311 non
824 2256 932 2311 multum
955 2257 1100 2320 'mutibus

309 2335 366 2407 plus
379 2354 423 2406 per
434 2335 515 2391 otium
527 2334 680 2405 transigunt,
693 2333 773 2389 dediti
787 2352 874 2389 somno
885 2333 1001 2405 ciboque,
1013 2334 1101 2389 fortis-

309 2412 388 2466 simus
407 2412 513 2483 quisque
530 2429 560 2467 ec
577 2410 781 2466 bellicosissimus
800 2410 863 2465 nibil
878 2429 964 2482 egens,
984 2410 1102 2483 delegate

310 2488 399 2543 domus
411 2492 437 2543 et
449 2488 577 2557 penatium
590 2495 616 2542 et
629 2506 747 2558 agrorum
758 2505 819 2542 eure
833 2487 934 2543 feminis
945 2488 1101 2559 senibusque

310 2569 337 2619 et
357 2564 526 2619 infirmissimo
545 2565 636 2635 cuique
659 2582 691 2618 ex
714 2564 823 2619 familie:
842 2564 893 2636 ipsi
910 2564 1013 2630 hebent,
1038 2566 1103 2620 mim

311 2640 457 2695 diversitate
472 2644 577 2706 nuturoe,
592 2660 649 2695 cum
662 2640 738 2695 iidem
754 2641 868 2697 homines
887 2641 924 2696 sic
935 2646 1022 2696 ament
1036 2642 1103 2697 iner-

273 2717 372 2773 ‚stiam
384 2719 411 2770 et
423 2715 521 2769 oderint
537 2717 658 2786 quietem.
693 2717 754 2771 Mos
769 2722 810 2772 est
826 2717 972 2773 civitatibus
988 2718 1061 2773 ultro
1075 2736 1103 2773 nc

313 2793 408 2847 viritim
419 2790 532 2846 conferre
542 2792 696 2863 principibus
705 2793 745 2848 vel
756 2798 927 2850 armentorum
938 2795 981 2850 rel
991 2795 1103 2867 frugum,

311 2866 439 2937 quompro
445 2866 770 2939 bonoreaeceptumetiem
776 2871 971 2928 necessitutibus
976 2872 1104 2929 subvenit

290 2942 432 2998 8Gaudent
443 2941 568 3014 precipue
583 2943 747 3001 finitimorum
760 2949 877 3018 gentium
888 2948 970 3015 donis,
983 2968 1043 3023 quse
1056 2968 1104 3006 uon
