2575 3592
316 359 348 406 62
640 359 761 406 TACITl

946 418 980 468 [a
988 417 1017 456 u.
1028 417 1053 456 c.
1062 417 1111 456 ara.

289 468 482 524 aelamitabuut.
521 468 566 523 Fit
583 469 738 524 temeritatis
757 469 844 524 aliena
865 485 948 524 comes
968 467 1110 538 Spurinna,

312 545 393 616 primo
406 551 517 610 coactus,
527 565 586 601 mox
599 546 663 601 velle
675 547 862 618 simulansque
875 546 931 618 plns
944 545 1111 599 auctoritatis

269 623 407 683 Illinesset
427 623 546 689 consiliis,
572 625 594 678 si
613 623 705 678 seditio
728 624 880 680 mitesceret.
917 623 1060 692 Postquam
1083 622 1112 675 ia

312 704 451 772 conspectu
469 700 554 756 Padus
572 706 599 756 et
618 721 670 756 nox
689 702 832 772 appetebat,
847 700 935 757 vallari
952 704 1039 754 castra
1056 699 1110 770 pla-
1149 715 1150 746 r

312 777 374 832 cuit.
410 778 438 832 Is
449 777 520 832 labor
531 778 628 834 urbano
640 779 715 834 militi
726 779 844 835 insolitus
854 777 987 834 contundit
999 777 1109 831 animos.

290 855 378 909 arum
389 855 577 910 vetustissimus
587 856 694 928 quisquo
706 855 831 928 castigare
838 855 1012 912 credulitatem
1025 873 1109 919 suam,

313 936 410 986 metum
422 951 451 987 ac
463 932 598 988 discrimen
608 933 750 1000 ostendere,
764 935 786 988 si
798 950 856 990 cum
873 933 986 988 exercitu
998 931 1110 999 Omna,

314 1009 460 1080 patentibus
478 1011 580 1082 eampis,
591 1015 644 1065 tarn
658 1029 750 1082 paucas
763 1012 881 1066 cohortes
893 1007 1109 1066 circumfudisset.

292 1086 423 1158 aramque
433 1087 497 1142 totis
513 1087 603 1143 eastris
619 1087 728 1143 modesti
744 1107 880 1154 sermones,
894 1091 920 1143 et
935 1087 1110 1142 inserentibus

315 1182 343 1218 se
355 1164 545 1220 centurionibus
561 1164 722 1237 tribunisque
739 1165 837 1220 laudari
853 1164 1011 1237 providentia
1025 1163 1110 1230 ducis,
1149 1201 1150 1230 2

315 1241 383 1312 quod
395 1241 518 1296 coloniam
529 1242 621 1298 virium
634 1246 661 1297 et
677 1261 755 1314 opum
771 1242 879 1297 validam
890 1241 968 1296 robur
980 1259 1009 1296 ac
1021 1241 1111 1296 sedern

291 1318 381 1374 abella
398 1318 511 1390 legisset.
547 1319 608 1390 Ipse
622 1325 753 1390 postremo
770 1320 904 1390 Spurinna,
917 1337 968 1373 non
985 1323 1039 1372 tam
1057 1319 1111 1374 anl-

314 1414 373 1467 pam
385 1396 539 1467 exprobrans
551 1415 627 1468 qnam
642 1397 740 1452 ratione
751 1397 895 1462 ostendens,
915 1396 1009 1451 relictis
1022 1397 1111 1467 exple

315 1472 441 1528 ratoribus
452 1477 558 1529 caeteros
573 1474 728 1529 Placentiam
743 1475 845 1530 reduxit
857 1473 940 1530 minus
952 1472 1070 1528 turbidos
1084 1479 1112 1528 et

291 1549 420 1622 simperia
428 1550 587 1623 accipientes.
618 1550 1111 1624 Solidatimuri,prcpugnaeulaaddita‚

315 1633 397 1684 aucta
417 1632 510 1694 turres,
530 1629 632 1700 provisa
649 1634 787 1702 parataque
805 1649 857 1684 non
878 1647 948 1684 arma
967 1627 1043 1683 modo
1065 1629 1114 1684 sed

315 1704 465 1775 obsequium
476 1709 503 1760 et
519 1706 625 1776 parendi
640 1725 710 1762 amor
718 1730 725 1774 ;
744 1707 812 1778 quod
828 1707 911 1762 solum
926 1705 976 1761 illis
992 1706 1114 1777 partibus

316 1780 406 1846 deluit,
419 1800 478 1836 enm
489 1782 592 1838 virtutis
604 1783 674 1838 haud
685 1785 826 1856 peniteret.

271 1861 309 1917 20
350 1861 388 1914 At
400 1859 507 1925 Caecina,
517 1860 587 1915 velut
594 1861 684 1916 relicta
695 1867 754 1932 post
763 1862 842 1933 Alpes
852 1861 949 1917 saevitia
957 1879 987 1916 ac
998 1861 1114 1931 licentia,

317 1935 432 1991 modesto
449 1937 548 2008 agmine
564 1956 610 2008 per
628 1939 729 1993 Italiam
741 1939 853 1994 incessit.
890 1939 1016 1994 Ornatam
1028 1939 1115 2010 ipsius

316 2013 454 2084 municipia
474 2018 501 2069 et
524 2015 628 2070 coloniae
652 2016 680 2070 in
706 2016 849 2088 superbiam
872 2016 1015 2081 trahebant,
1042 2019 1116 2088 quod

316 2090 463 2146 versicolori
485 2091 582 2163 sagulo,
603 2092 692 2148 bracas
715 2093 850 2148 barbarum
870 2097 974 2165 tegmen
994 2093 1114 2160 indutus,

294 2172 419 2240 2togatos
435 2168 612 2240 alloqueretur.
649 2171 762 2225 Uxorem
779 2176 864 2226 autem
882 2172 938 2243 ejus
957 2170 1114 2238 Saloninam,

317 2265 461 2318 quanquam
483 2247 511 2301 in
534 2247 627 2302 nullius
651 2246 769 2318 iujuriam
788 2248 883 2320 insigni
903 2267 968 2320 equo
988 2253 1116 2322 ostroque

317 2323 459 2389 veheretur,
472 2328 593 2396 tanquam
609 2325 663 2379 laesi
674 2325 853 2396 gravabantur,
866 2325 943 2380 insita
960 2327 1116 2383 mortalibus

318 2404 411 2455 natura
427 2405 554 2456 recentem
572 2401 679 2456 aliorum
694 2402 843 2458 felicitatem
862 2403 962 2458 acribus
976 2403 1059 2460 cerdis
1077 2406 1116 2461 in-

318 2477 463 2548 trospicere,
482 2478 634 2550 modumque
652 2479 761 2534 fortunae
779 2499 795 2534 a
811 2480 887 2536 nullis
907 2481 986 2552 magis
1008 2482 1116 2554 erigere

297 2561 395 2625 dquam
412 2572 476 2623 quos
496 2555 524 2610 in
541 2574 614 2627 aequo
629 2556 756 2612 viderunt.
793 2557 894 2612 Caecina
911 2557 1010 2612 Padum
1027 2563 1116 2616 trans-

318 2649 429 2704 gressus,
447 2636 547 2686 tentata
564 2633 766 2689 Othonianorum
785 2634 834 2689 lide
852 2653 898 2706 per
915 2635 1072 2705 colloquium
1087 2643 1115 2693 et

318 2708 450 2779 promissa,
471 2708 561 2763 iisdem
580 2711 685 2781 petitus,
708 2716 842 2782 postquam
862 2731 912 2783 pax
931 2717 958 2767 et
977 2715 1116 2770 eoncordia

319 2785 440 2856 speciosis
467 2789 494 2841 et
517 2786 596 2843 irritis
625 2789 770 2844 nominibus
792 2789 890 2860 jactata
913 2793 982 2855 sunt,
1006 2793 1117 2847 consilia

319 2879 443 2934 curasque
463 2863 491 2917 in
510 2865 724 2936 oppugnationem
743 2865 879 2922 Placentiae
900 2884 992 2938 magno
1013 2873 1117 2926 terrore

319 2939 405 3009 vertit,
424 2957 527 3012 gnarus,
546 2945 576 2995 ut
594 2941 668 2996 initia
688 2941 747 2998 belli
766 2944 949 3014 provenissent,
970 2943 1067 3004 fanan
1088 2948 1116 3004 in
