2575 3592
424 404 618 453 GERMANIA
648 403 748 451 13-18.
935 403 983 453 289

191 514 266 573 modo
289 532 304 569 o
327 513 434 587 singulis
448 516 503 571 *sed
525 516 625 588 publice
648 514 797 577 mittuntur,
817 510 892 567 eleoti
915 514 981 583 equi,

189 610 281 663 magns
298 610 373 657 orme,
396 592 504 663 pbslerae
523 598 685 665 torquesque.
720 591 780 645 Jam
802 593 830 644 et
849 590 979 660 peeunism

189 670 301 740 sculpere
314 668 452 725 docuimus.
684 733 689 743 Ι

224 746 313 801 Nubes
331 746 513 801 Germanorum
529 746 626 817 populis
642 745 718 800 urbes
734 742 844 799 habituri
855 742 918 799 sotis
935 762 978 798 uo
990 746 1027 804 16

186 825 243 878 tum
254 828 293 877 est
301 844 308 887 ;
326 841 359 877 ne
368 822 421 893 peti
430 821 531 893 quidem
540 822 607 877 inter
619 841 647 877 se
651 826 756 892 junctas
764 820 846 875 sedes.
882 818 977 876 Colunt

186 899 289 955 disereti
297 918 327 955 so
336 898 437 966 diversi,
449 904 479 953 ιιι
491 899 556 964 fons,
566 904 596 954 ut
608 917 720 970 campus,
731 902 760 952 ut
771 916 861 952 nemus
873 896 976 969 placuit.

188 976 264 1031 Vioos
275 976 360 1033 loeant
372 994 424 1031 nou
435 975 463 1031 in
478 981 594 1031 nostrum
609 994 713 1043 morem,
724 975 846 1030 oonnexis
857 979 884 1030 et
896 974 1001 1030 sobre-2

183 1053 299 1111 rentibus
311 1052 437 1108 edificiis:
455 1071 528 1109 susm
542 1054 649 1125 quisque
661 1052 762 1108 domum
774 1051 858 1122 spatio
869 1052 977 1107 eircum-

184 1129 236 1195 det,
256 1130 309 1185 sive
327 1129 447 1185 adversus
463 1130 536 1185 ossus
555 1130 622 1201 ignis
638 1128 785 1193 remedium,
801 1129 854 1183 sive
872 1129 975 1185 inscitia

183 1206 330 1262 sediliosudi.
365 1206 407 1261 Ne
431 1211 609 1263 osmentorum
633 1206 734 1277 quidem
757 1205 826 1276 apud
848 1205 904 1261 illos
928 1212 999 1265 nutu

182 1284 329 1353 tegularum
344 1302 422 1339 usus:
439 1284 545 1339 muteris
559 1283 591 1339 sd
605 1284 690 1339 omnio
702 1287 813 1338 utuntur
823 1282 933 1349 informi,
946 1292 973 1339 et

180 1361 249 1415 eitra
268 1360 377 1431 speeiem
397 1363 441 1415 out
460 1359 660 1416 delectationem
696 1359 820 1420 Quaedmn
838 1359 895 1415 loos
916 1360 975 1415 dili-

181 1437 285 1508 gentius
296 1436 397 1493 illinunt
406 1440 476 1493 terre
485 1437 523 1492 its
531 1456 595 1508 pura
604 1455 634 1493 so
642 1436 799 1509 splendente,
807 1441 838 1491 ut
848 1436 973 1507 picturam

180 1513 493 1571 eelinesruentseolorum
501 1514 624 1571 imitetur.
661 1514 749 1570 Solent
758 1518 785 1569 et
793 1514 998 1571 subterraneoss

180 1610 273 1663 speeus
285 1592 389 1663 operire,
402 1609 496 1663 eosque
507 1591 588 1647 multo
599 1592 704 1663 insuper
720 1592 779 1647 fimo
791 1595 906 1656 onerant,
919 1591 972 1647 sui·

179 1668 280 1741 sugium
303 1668 381 1726 hiemi
397 1673 424 1724 et
441 1668 628 1740 receptaculum
644 1668 770 1741 frugibus,
787 1668 846 1741 quis
862 1668 971 1741 rigorem

178 1745 304 1818 frigorum
319 1745 443 1817 ejusmodi
454 1746 516 1802 loeis
531 1745 656 1802 molliunt.
690 1746 727 1802 nt
738 1746 761 1802 si
772 1744 873 1817 quaudo
889 1746 995 1801 hostist

177 1822 289 1889 advenit,
302 1828 390 1895 operto
404 1822 547 1894 populetur,
565 1822 651 1879 abditu
666 1828 752 1879 sutem
767 1831 794 1879 et
808 1822 910 1879 defossa
923 1829 969 1879 sut

176 1899 336 1971 ignorentur,
349 1904 394 1955 aut
406 1918 436 1955 eo
447 1900 503 1971 ipso
513 1900 605 1956 fallunt
617 1900 687 1973 qnod
697 1899 833 1972 quaerenda
843 1908 914 1956 sunt.

211 1978 343 2049 Tegumen
361 1976 478 2032 omuibus
493 1995 582 2049 sagum
597 1976 676 2033 fibula
690 1982 744 2043 sut,
765 1978 787 2033 si
806 1976 880 2042 desit,
896 1977 969 2049 spine
979 1980 1017 2040 17

176 2058 338 2109 oonsertum:
356 2057 448 2109 eaeters
458 2053 547 2109 inteeti
562 2058 632 2111 totos
644 2054 698 2110 dies
708 2055 785 2126 juxto
795 2054 880 2109 iocum
892 2062 969 2125 etque

174 2128 264 2201 ignem
274 2134 362 2201 egum.
397 2130 601 2202 Isooupletissimi
616 2136 689 2187 veste
704 2131 905 2202 distinguuntur,
916 2149 969 2187 non

174 2206 303 2272 fluitante,
315 2207 381 2263 sieut
394 2208 515 2263 Ssrmstse
532 2226 562 2263 so
573 2208 672 2273 Parthi,
684 2208 731 2263 sed
741 2209 832 2263 stricto
842 2212 869 2263 et
880 2208 969 2279 singu-

173 2282 468 2355 lossrtusexprimente.
501 2284 991 2357 Gemtetfemmmpebmprorimiz
1044 2332 1049 2339 .

171 2367 236 2439 ripae
245 2366 411 2439 negligenter,
420 2368 554 2423 ulteriores
566 2368 724 2439 exquisitius,
733 2374 764 2424 ut
777 2368 870 2441 quibus
878 2368 967 2426 nullus

174 2462 222 2517 per
234 2446 385 2500 eommereis
396 2446 488 2501 cultus.
523 2444 632 2517 Elignnt
643 2446 718 2515 feras,
735 2451 762 2503 et
774 2448 888 2502 detrsetn
899 2447 967 2503 veln-

171 2521 244 2576 mine
261 2526 385 2593 spargunt
396 2523 501 2579 maculis
513 2522 670 2595 pellibusque
687 2523 835 2593 belluarum,
848 2542 910 2596 quas
921 2544 966 2580 ex·

171 2598 254 2652 terior
266 2598 384 2653 Ooesnus
396 2604 472 2671 atque
490 2600 609 2671 ignotum
626 2619 695 2656 mare
707 2600 798 2673 giguit
832 2601 890 2657 Nee
901 2601 987 2664 sliuss

171 2673 276 2729 feminis
294 2693 371 2745 quem
388 2676 449 2732 viris
467 2676 576 2743 babitus,
594 2677 645 2733 nisi
663 2678 732 2750 quod
752 2678 851 2735 feminus
872 2679 965 2749 saepius

168 2749 248 2805 lineis
265 2751 401 2808 amictibus
414 2752 535 2821 velentur,
548 2772 643 2826 eosque
661 2774 778 2827 purpure
788 2755 895 2823 varient,
906 2773 965 2825 par-

167 2832 277 2898 temque
293 2829 404 2885 vestitus
422 2831 559 2901 superioris
574 2832 602 2887 iu
617 2832 728 2889 manices
743 2852 796 2889 nou
812 2830 963 2897 extendunt,

167 2903 247 2960 nudoe
260 2902 365 2961 braobiu
375 2925 405 2963 se
415 2906 539 2975 lseertos;
558 2908 604 2964 sed
615 2913 643 2965 et
654 2911 772 2981 proxima
781 2927 841 2983 pers
850 2907 962 2979 pectoris

165 2985 251 3053 putet.
287 2981 440 3056 Quanquam
456 3004 544 3043 severa
561 2986 614 3043 illio
629 2988 797 3057 matrimonio,
813 3003 861 3042 neo
883 2984 1004 3049 1111111118
