2575 3592
166 489 169 495 1
198 484 314 533 ww]
401 421 654 469 HISTORIARUM
671 421 701 468 V.
719 422 789 469 5-8.
891 482 895 500 1
942 425 991 472 ’ὶίῠ

197 534 357 589 attolluntur.
392 534 472 589 Certo
483 532 543 587 unni
557 532 673 588 bitumen
687 532 770 603 egerit
777 554 785 599 ;
804 534 878 603 eujus
888 533 1014 604 legendis

196 628 279 675 usum,
289 615 319 665 ut
331 603 435 666 ureteras
444 614 520 675 artes,
529 609 684 681 experientia
695 608 790 665 docuit.
826 611 892 665 Ater
899 615 991 681 suapte

197 694 289 742 nutura
296 687 385 759 liquor,
395 692 421 743 et
434 704 521 757 spsrso
533 690 605 741 aoeto
617 690 759 751 coneretur,
768 686 875 743 innatat.
910 686 991 743 Hune

196 782 274 819 manu
285 770 395 835 captum,
408 764 499 841 quibus
511 782 542 833 ea
556 781 625 836 oure,
637 764 664 817 in
676 782 774 817 summa
784 764 856 819 navis
868 763 990 819 trahunt:

196 840 263 907 inde,
279 842 350 896 nullo
363 845 479 911 juvante,
495 840 579 895 influit
594 844 741 911 oneratque,
754 840 834 896 donee
850 840 990 897 absuindm,

196 918 254 973 Neo
266 918 411 975 abscindere
423 936 472 973 ere
488 916 586 972 ferrove
603 917 701 988 possis:
719 917 788 989 fugit
804 935 920 973 eruorem
936 925 1016 977 res-'1

195 1005 300 1067 tamque
324 995 445 1050 iniectam
470 994 595 1066 sanguiue
621 1012 672 1065 quo
698 993 798 1051 feminae
821 1013 867 1065 per
890 1013 990 1051 memes

194 1072 371 1127 exsolvuntur.
408 1071 450 1126 sie
460 1076 559 1127 veteres
571 1076 697 1125 auctores.
733 1070 1014 1142 Sadgnarilooorums

196 1148 311 1215 tradunt,
328 1148 453 1203 undantes
467 1147 591 1203 bitumine
608 1148 688 1203 moles
705 1147 766 1219 polii
782 1166 907 1221 manuque
922 1146 990 1204 trahi

195 1226 231 1281 ad
250 1226 329 1289 litus;
353 1244 420 1291 mox,
441 1225 486 1281 ubi
505 1243 598 1295 vapore
609 1228 693 1293 terrie,
713 1225 740 1279 ri
760 1224 820 1279 solis
840 1225 988 1283 inaruerint,

196 1302 329 1358 securibus
341 1302 476 1373 cuneisque
487 1305 517 1357 ut
529 1302 614 1357 trabes
627 1305 674 1356 aut
687 1318 749 1356 saxa
759 1301 874 1357 discindi.
910 1303 990 1359 Haud
1000 1305 1017 1362 7

196 1380 287 1449 prooul
298 1378 357 1435 inde
374 1380 461 1451 osmpi,
473 1397 537 1451 quos
554 1378 640 1433 ierunt
652 1378 714 1433 olim
729 1377 827 1444 uberes,
841 1379 990 1451 magnisque

195 1456 304 1511 urbibus
320 1456 453 1521 habitatos,
472 1455 604 1511 fulminum
619 1458 694 1531 jaotn
710 1458 821 1521 arsisse3
846 1459 873 1510 et
888 1474 990 1512 manere

196 1534 313 1606 vestigia,
330 1537 474 1605 terramque
488 1533 578 1603 ipsam,
595 1531 680 1603 speeie
696 1531 826 1597 torridam,
843 1532 893 1587 vim
910 1532 991 1604 frugi-

197 1610 276 1665 feram
290 1610 434 1682 perdidisse.
470 1610 539 1665 Nam
553 1616 646 1665 ounota
661 1615 752 1680 sponte
768 1609 837 1668 edita
852 1613 897 1664 unt
913 1624 1013 1669 meunt

197 1691 260 1753 sata,
274 1688 327 1743 sive
338 1688 415 1743 herba
426 1694 502 1743 tenus
514 1690 560 1741 aut
573 1686 642 1751 flore,
656 1705 703 1741 seu
717 1686 816 1741 solitum
834 1686 862 1741 in
879 1687 989 1757 speeiem

196 1764 336 1832 adolevere,
355 1772 410 1819 utra
428 1768 455 1819 et
473 1763 558 1819 inania
575 1762 647 1819 velut
664 1763 693 1819 in
711 1764 822 1819 cinerem
841 1770 988 1821 vanescunt.

195 1841 253 1913 ugo
266 1842 332 1913 siout
344 1841 444 1897 inolitas
456 1839 580 1912 quondam
592 1840 669 1895 urbes
681 1840 739 1911 igne
756 1840 850 1896 caelesti
867 1841 1014 1913 tlugrtssess

196 1919 371 1991 consepserim,
392 1919 430 1983 ita
452 1918 533 1973 halitu
553 1918 622 1973 lasus
647 1918 715 1973 infici
738 1923 840 1984 terram,
862 1919 990 1991 eorrumpi

197 1998 359 2067 superfusum
375 1996 499 2067 spiritum,
514 2014 593 2067 eoque
610 1996 681 2049 fetus
697 2001 813 2067 segetum
829 1999 856 2050 et
873 1996 990 2050 autumni

197 2082 343 2143 putreseere
363 2091 427 2139 reor,
447 2072 500 2127 solo
519 2073 629 2143 oaeloque
644 2076 722 2142 juxta
740 2073 819 2144 gravi
855 2072 891 2127 Et
909 2072 1015 2127 Belust

198 2150 279 2205 amnis
302 2150 409 2223 Judaioo
433 2150 497 2205 mari
520 2149 648 2214 illabitur;
674 2149 741 2204 ciros
765 2152 839 2218 eujus
864 2168 892 2203 os
917 2148 989 2204 laetas

197 2227 408 2296 arenas‚admirto
416 2226 822 2299 nitroinvitrumerooquuntur.
858 2225 988 2281 Modicum

196 2304 224 2359 id
235 2304 297 2359 litus
309 2309 335 2359 et
347 2304 507 2377 egerentibus
518 2302 705 2357 inexhaustum.

232 2382 330 2453 Magna
353 2400 411 2453 pars
436 2380 531 2435 Judaeas
557 2379 619 2433 vicis
646 2378 815 2450 dispergitur3
841 2378 936 2434 babent
961 2383 1015 2439 ets

196 2458 297 2530 oppidu
334 2458 510 2529 Hierosolyma
521 2456 592 2528 genti
601 2460 685 2527 eaput.
721 2456 778 2511 illio
789 2456 916 2512 immensas
928 2475 989 2529 opu·

196 2535 281 2592 tentiae
292 2535 423 2607 templum,
436 2540 463 2590 et
478 2533 565 2605 primis
581 2533 744 2589 munimentis
759 2532 828 2599 urbs,
841 2533 900 2589 dein
911 2535 988 2606 regie,

196 2613 320 2683 templum
343 2612 439 2669 intimis
462 2611 583 2665 clausurn.
618 2610 661 2665 Ad
684 2610 751 2665 fores
774 2615 873 2665 tantum
897 2612 987 2668 Judaeo

196 2688 409 2755 aditus31imiue,
433 2694 526 2759 praetsr
548 2687 700 2753 sacerdotes,
724 2687 882 2743 eruebantur.
916 2690 1011 2743 Dum2

195 2766 315 2838 Assyrios
327 2785 404 2837 pones
416 2765 557 2837 Medosque
568 2771 595 2821 et
609 2764 700 2821 Persas
712 2764 803 2821 Oriens
814 2766 872 2830 fuit,
885 2764 988 2835 despes-

195 2844 296 2899 tissima
315 2862 372 2916 pars
393 2842 571 2899 servientium:
598 2847 732 2914 postquam
751 2842 905 2897 Meoedouos
923 2860 987 2911 prar-

195 2926 311 2994 potuere,
324 2940 368 2977 rer
378 2920 527 2989 Antiochus,
540 2919 639 2975 demere
648 2921 853 2992 superstitionem
864 2923 891 2974 et
903 2936 986 2973 mores

194 3000 345 3056 Groeoorum
357 2998 417 3055 dare
429 2997 542 3063 annisus,
555 3016 605 3070 quo
617 2998 700 3055 minus
715 2997 871 3055 teterrimam
882 3000 985 3067 gentem
