2575 3592
380 401 631 450 Hlssonmnum
650 402 669 450 1.
690 403 789 451 16-19.
945 402 973 448 ll

187 465 246 504 Μ).
255 464 301 512 62}

183 533 245 568 eum
256 513 369 568 omnium
380 513 467 580 oculis,
478 514 576 568 nullum
592 514 691 570 turbati
707 517 752 569 sut
769 512 907 568 exultantis
923 513 974 567 aui-

182 592 221 644 mi
241 595 340 645 motum
362 590 510 661 prodidisse.
554 592 641 647 Sermo
665 609 726 663 erga
748 597 845 662 patrem
869 590 997 660 imperat

182 672 318 737 totamque
340 685 465 732 reverens,
486 667 518 722 da
538 685 566 722 se
588 668 749 734 moderatum
768 667 831 722 nihil
850 666 878 721 in
900 666 974 721 vrrltu

181 743 324 815 habituque
339 748 475 809 mutatum,
489 745 562 815 quasi
572 745 695 816 imperare
707 749 793 815 posset
804 744 885 815 magis
898 762 973 815 qnam

180 820 269 875 vellet.
305 821 484 876 Consultatum
500 821 566 887 inda,
583 841 630 893 pro
638 823 740 878 Rostris
753 841 786 876 an
796 822 823 875 in
835 826 927 876 senatu
941 832 995 877 1113

179 898 212 952 in
223 898 314 953 cmtrm
325 897 428 969 adoptio
443 904 641 969 nuncuparetur.
677 899 715 954 Iri
727 899 754 954 in
765 903 849 954 castra
860 898 954 969 placuit
965 919 971 952 :

180 975 350 1030 honorificum
360 975 388 1029 id
398 975 522 1030 militibus
538 976 599 1041 iore,
613 995 721 1047 qnorum
733 977 844 1030 favorem
857 979 886 1028 ut
898 975 974 1045 largi-

179 1052 254 1107 tione
271 1056 299 1106 et
313 1051 411 1108 ambitu
426 1052 491 1107 male
508 1054 611 1123 acquiri,
624 1054 661 1108 ita
678 1054 813 1124 perbonas
825 1057 892 1108 artes
905 1050 974 1106 haud

179 1128 361 1199 spernendum.
397 1129 606 1184 circumsteterat
618 1131 719 1184 interim
735 1130 860 1184 Palatium
872 1128 996 1200 publicat

178 1207 335 1277 expectatio,
347 1207 433 1278 magni
448 1207 540 1262 secreti
556 1207 705 1278 impatiens;
724 1212 750 1262 et
762 1207 827 1262 male
838 1207 971 1262 coercitam

177 1283 275 1338 lamam
282 1284 468 1354 supprimentes
475 1284 609 1356 augebunt.
624 1285 753 1344 Quartum
761 1284 824 1338 ldus
831 1283 973 1348 ianuarias,
983 1284 1018 1338 18

176 1360 278 1416 foedum
295 1361 418 1416 imbribus
438 1361 513 1426 diem,
530 1362 644 1417 tonitrua
662 1369 688 1418 et
707 1361 809 1433 fulgura
822 1365 849 1416 et
861 1360 973 1415 celestes

176 1438 258 1494 mina
273 1437 342 1492 ultra
358 1439 459 1494 solitum
472 1438 645 1494 turbaverant.
681 1440 851 1494 Observatum
867 1437 894 1492 id
909 1438 995 1492 anti-2

176 1517 270 1587 quitus
281 1516 390 1572 comitiis
401 1516 546 1572 dirimendis
555 1536 607 1572 non
613 1519 706 1572 terruit
717 1517 821 1572 Galbam
831 1534 880 1587 quo
889 1515 973 1570 minus

175 1595 209 1649 in
220 1597 305 1648 castra
312 1599 436 1665 pergeret,
446 1599 644 1666 contemptorem
656 1595 745 1650 talium
755 1599 785 1649 ut
797 1593 973 1659 fortuitorum

176 1689 227 1725 sen
240 1688 297 1741 qua
307 1671 362 1726 lato
372 1676 483 1736 manent,
496 1673 610 1743 quamvis
625 1673 773 1744 significata,
786 1689 838 1726 non
849 1670 971 1726 vitantur.

175 1751 259 1821 Apud
274 1753 432 1823 frequentem
447 1754 556 1808 militum
575 1755 728 1822 concionem,
741 1753 902 1824 imperatoria
917 1751 994 1810 bret

174 1829 268 1896 vitate,
287 1829 402 1900 adoptari
422 1848 438 1884 a
457 1849 485 1884 se
505 1831 624 1885 Pisonem
644 1849 714 1886 more
738 1830 791 1884 divi
809 1829 922 1900 Augusti
944 1839 971 1884 et

174 1905 295 1976 exemplo
305 1907 896 1980 militari‚quorirrirumlegeretpronuntiat.
931 1908 996 1961 Act

174 2001 212 2038 ne
229 1983 387 2038 dissimulata
400 1983 491 2038 seditio
507 1985 535 2038 in
552 1985 635 2056 majus
653 1985 806 2050 crederetur,
818 1983 887 2038 ultro
904 2001 971 2038 asse-

173 2064 251 2114 verat
262 2064 377 2130 quartam
389 2065 417 2115 et
429 2059 656 2116 duodevicesimam
672 2062 794 2132 legiones,
808 2061 894 2132 paucis
907 2061 970 2115 sedi-

173 2137 256 2192 tionis
271 2137 425 2202 auctoribus,
437 2155 489 2192 non
504 2137 574 2193 ultra
592 2138 670 2194 rerba
684 2157 713 2194 ac
729 2157 804 2194 voces
821 2155 925 2202 errasse,
944 2142 970 2192 et

173 2215 249 2270 brevi
260 2214 289 2268 in
299 2215 449 2270 officioiore.
486 2215 543 2270 Nec
551 2215 630 2270 ullum
639 2216 747 2270 orationi
763 2219 808 2270 aut
819 2215 993 2270 lenociniumt

173 2291 249 2346 addit
266 2297 312 2346 ant
328 2292 447 2362 pretium.
482 2292 588 2347 'lbibuni
608 2297 695 2348 tarncn
715 2292 924 2362 centurionesque
943 2298 970 2347 et

171 2368 285 2440 proximi
300 2368 408 2422 militum
424 2372 499 2438 grata
515 2369 605 2424 auditu
620 2369 792 2440 respondent:
809 2387 855 2439 per
872 2372 970 2424 ceteros

171 2445 296 2500 mestitia
303 2463 332 2500 ac
344 2445 480 2510 silentium,
490 2450 611 2516 tanquam
618 2450 768 2516 usurpatam
780 2446 857 2500 ctiam
869 2447 896 2501 in
907 2465 969 2517 pace

172 2522 289 2577 donativi
306 2523 484 2577 necessitatem
501 2522 568 2578 bello
584 2523 763 2594 perdidissent.
800 2524 908 2578 Constat
926 2542 969 2593 po

170 2600 256 2654 tuisse
278 2599 407 2654 concitari
434 2600 532 2655 animos
556 2599 779 2672 quantulacunque
802 2601 873 2672 parci
899 2601 968 2656 senis

171 2676 341 2731 liberalitate:
360 2676 449 2731 nocuit
465 2677 585 2748 antiquus
602 2677 673 2748 rigor
694 2681 721 2732 ct
739 2677 817 2732 nimie
838 2678 966 2742 severitas,

171 2753 216 2809 cui
235 2753 289 2824 jam
308 2771 382 2824 pares
402 2771 455 2808 non
475 2772 570 2808 snmus.
607 2753 672 2809 inde
690 2753 758 2825 apud
778 2758 893 2808 senatum
917 2763 1014 2816 non19

171 2829 300 2900 comptior
308 2830 402 2894 Galbae,
415 2848 468 2885 non
478 2830 578 2902 longior
589 2849 664 2901 quam
674 2830 742 2901 apud
753 2831 858 2884 militem
872 2847 965 2884 sermo:

171 2907 275 2963 Pisonis
292 2907 370 2962 comis
385 2908 474 2962 oratio.
510 2909 546 2962 Itt
565 2913 668 2978 patrum
684 2907 756 2962 lavor
771 2907 873 2960 aderat:
893 2905 967 2959 multi

171 2985 305 3042 voluntate
323 2985 444 3052 admisu
463 2985 509 3056 qui
528 2986 670 3049 noluerant,
691 2982 790 3046 modim
814 2999 844 3036 eo
866 2979 967 3048 pluruui
