2575 3592
287 366 318 412 88
620 362 738 412 ΤΛΟΙΤῙ

916 427 950 475 [A.
960 425 988 463 U.
998 425 1021 467 ῦ.
1033 424 1082 467 822.

287 473 353 546 legio
367 474 394 529 in
411 474 562 546 Hispaniam
579 475 663 541 missa,
676 480 706 531 ut
724 492 785 546 pace
802 478 829 529 et
846 474 899 529 otio
916 475 1083 545 mitesceret;

286 550 419 606 undecima
441 570 471 607 ac
494 552 602 623 septima
624 553 677 607 suis
701 551 812 607 hibernis
840 550 962 617 reddita;
991 552 1085 607 tertia·

264 627 410 683 edecimani
433 632 532 683 struere
555 629 740 700 amphitheatra
760 628 832 699 jussi.
881 629 950 683 Nam
980 628 1087 684 Oaecina

289 704 426 769 Cremona,
450 705 545 760 Valens
568 706 690 761 Bononia
714 705 885 777 spectaculum
912 704 1087 776 gladiatorum

288 780 362 836 edere
376 779 505 851 parabant,
518 801 647 853 nunquam
665 784 702 837 ita
719 782 751 838 ad
768 800 841 837 curas
859 782 957 837 intanto
976 781 1087 837 Vitellio

288 862 318 912 ut
330 858 489 928 voluptatum
500 858 697 914 oblivisceretur.

243 944 279 997 68
322 934 359 990 ut
371 934 472 1005 quidem
482 940 568 1007 partes
580 936 693 993 modesto
706 936 872 991 distraxerat:
892 934 960 1006 apud
971 935 1087 991 victores

289 1019 346 1066 orta
368 1011 467 1077 seditio,
491 1012 587 1068 ludicro
610 1014 691 1079 initio,
716 1018 744 1068 ni
762 1032 885 1069 nurnerus.
903 1031 1026 1067 caesorum
1045 1012 1087 1067 in·

288 1088 382 1143 vidium
404 1088 470 1144 bello
492 1090 613 1145 auxisset.
653 1090 824 1146 Discubuerat
846 1090 967 1145 Vitellius
990 1090 1085 1154 licini,

266 1165 403 1221 2adbibito
424 1166 456 1220 ad
479 1167 566 1237 epulas
589 1167 720 1239 Verginio.
755 1167 849 1239 Legati
871 1166 1025 1237 tribunique,
1050 1185 1086 1221 ex

289 1242 401 1297 moribus
416 1244 603 1315 imperatorum,
623 1245 784 1299 severitatem
799 1243 948 1298 aemulantur
959 1242 1000 1298 vel
1017 1247 1086 1297 tem-

290 1320 396 1391 pestivis
414 1321 536 1377 conviviis
555 1320 683 1393 gaudent;
701 1320 804 1392 perinde
818 1320 889 1375 nrilos
905 1320 1019 1375 intentus
1037 1326 1086 1374 aut

290 1398 395 1453 licenter
414 1398 476 1470 agit.
513 1398 590 1469 Apud
609 1397 744 1453 Vitellium
764 1397 848 1453 omnia
865 1396 1023 1467 indisposita,
1043 1401 1086 1451 tc-

290 1474 409 1541 mnlenta,
422 1474 560 1547 pervigiliis
572 1494 602 1530 ao
613 1474 805 1531 bacchanalibus
818 1493 893 1545 quam
905 1473 1044 1545 disciplima
1056 1478 1086 1528 ct

268 1553 381 1615 scastris
400 1552 524 1623 propiora
560 1552 646 1623 Igitur
667 1551 765 1607 duobus
788 1550 919 1616 militibus,
943 1550 1024 1607 alteru
1047 1550 1086 1604 lc-

293 1630 374 1700 gionis
387 1630 489 1700 quinta,
502 1629 608 1684 alterae
620 1628 698 1685 Gallis
712 1628 880 1696 auxiliaribus,
892 1646 938 1699 per
954 1627 1085 1683 lasciviam

202 1729 205 1733 ·
293 1706 326 1760 ad
348 1711 475 1761 certarnen
498 1705 610 1760 luctandi
633 1706 751 1770 accensis,
773 1710 907 1776 postquam
929 1704 1085 1775 legionarius

292 1781 441 1853 prociderat,
459 1782 598 1837 insultante
616 1782 696 1847 Gallo,
716 1786 742 1836 et
759 1781 790 1836 iis
809 1781 853 1851 qui
870 1781 901 1835 ad
917 1780 1085 1851 spectandum

293 1866 460 1913 convenerant
480 1858 508 1912 in
530 1858 615 1913 studia
637 1858 755 1925 diductis,
774 1876 879 1928 erupere
902 1857 1032 1928 legionarii
1055 1858 1085 1912 in

268 1935 428 2006 tpemiciem
440 1935 596 2002 auxiliorum,
609 1954 638 1990 ac
651 1936 707 1990 dua
719 1935 835 1990 cohortes
847 1934 994 1989 interfecta.
1030 1934 1086 1988 Ra

292 2010 403 2066 medium
423 2010 548 2066 tumultus
568 2011 619 2065 fuit
636 2011 700 2067 alius
718 2010 851 2067 tumultus.
887 2010 976 2065 Pulvis
993 2010 1085 2080 procul

293 2093 320 2143 et
337 2107 406 2143 arma
423 2087 625 2159 aspiciebantnr:
644 2088 828 2143 conclamatum
845 2092 949 2159 repente
967 2092 1084 2158 quartam

293 2165 414 2223 decimam
434 2165 566 2237 legionem,
587 2182 661 2219 verso
680 2165 777 2229 itinere,
799 2163 832 2218 ad
854 2164 968 2234 pralium
987 2164 1083 2221 venire.

269 2242 344 2297 sSed
363 2246 435 2297 erant
454 2241 561 2313 agminis
581 2245 724 2296 coactores:
744 2241 824 2312 agniti
843 2240 973 2311 dempsere
991 2240 1084 2295 scilici-

231 2351 232 2354 =
292 2318 414 2373 tudinem.
462 2319 570 2375 Interim
593 2317 710 2389 Verginii
738 2336 827 2371 servus
850 2317 917 2371 sorte
940 2317 1028 2372 obvius
1051 2321 1083 2371 ut

293 2413 426 2465 percussor
436 2395 535 2450 Vitellii
545 2394 712 2450 insimulatur.
748 2394 784 2449 Et
796 2393 885 2449 ruebat
898 2392 929 2447 ad
941 2392 1082 2449 convivium

292 2471 372 2536 miles,
390 2475 498 2526 mortem
519 2470 630 2542 Verginii
648 2488 793 2541 exposcens.
829 2470 871 2525 Ne
892 2469 1011 2525 Vitellius
1030 2470 1083 2541 qui-

294 2548 358 2613 dem,
372 2566 513 2619 quanquam
525 2547 558 2601 ad
569 2566 656 2602 omncs
669 2547 823 2617 suspiciones
839 2546 951 2617 pavidus,
963 2546 995 2601 dc
1012 2546 1083 2601 inno·

268 2626 377 2681 tuentia
396 2625 450 2695 ejus
470 2624 602 2679 dubitavit.
638 2624 717 2695 AEgra
737 2628 823 2679 tamen
841 2623 952 2688 cohibiti,
971 2623 1014 2693 qui
1031 2624 1084 2677 cxi-

293 2702 358 2755 tium
383 2700 528 2765 consularis,
553 2705 580 2754 et
603 2700 729 2771 quondam
759 2699 830 2755 ducis
854 2701 901 2765 sui,
925 2698 1082 2771 flagitabant.

293 2778 351 2832 Nec
366 2795 516 2848 quemquam
533 2776 624 2846 saepius
642 2795 717 2847 quam
729 2776 882 2847 Verginium
899 2778 979 2831 omnis
991 2774 1082 2831 seditio

293 2853 431 2908 infestavit.
467 2851 588 2907 Manebat
606 2852 738 2907 admiratio
755 2853 804 2907 viri
820 2858 850 2907 et
861 2854 943 2908 fama:
962 2852 1008 2907 scd
1024 2851 1083 2907 cde-

249 2934 285 2989 69
294 2932 352 2985 rant
369 2936 399 2983 ut
416 2927 531 2984 fastiditi
566 2928 674 2982 Postero
690 2928 730 2983 dio
748 2928 875 3005 Vitellius,
893 2932 998 2985 senatus
1015 2926 1083 2997 lega-
