2575 3592
227 429 253 466 A.
264 427 288 466 Β.
299 428 343 477 m
413 366 665 415 HISTORIARUM
683 364 703 413 I.
721 365 824 415 67-71.
983 369 1014 416 89

223 476 354 532 Vitellium
370 475 459 533 Siliani
474 478 503 534 in
519 477 606 534 Africa
622 477 778 542 habuerant;
796 494 856 532 mox
874 494 889 532 a
902 473 1013 542 Nerone,

221 559 252 608 ut
269 554 297 609 iu
314 554 457 626 dlgyptum
480 555 704 626 praemitterentur,
723 553 806 618 exciti,
826 559 852 608 et
870 553 902 609 ob
920 553 1012 609 bellum

222 631 336 686 Vindicis
347 632 466 697 revocati,
480 651 509 688 ac
524 637 580 687 tom
599 633 626 687 in
642 632 720 687 Italia
734 635 872 696 manentes,
891 631 1014 686 instinctu

221 706 393 773 decurionum,
407 709 451 780 qui
462 709 572 764 Othonis
584 710 674 782 ignari,
688 707 792 763 Vitellio
805 707 922 764 obstricti
937 707 1015 762 robur

221 785 413 840 adventantium
430 785 559 858 legionum
575 791 602 842 et
619 787 711 841 famam
730 785 872 843 Germanici
889 785 1014 840 exereitus

222 862 380 928 attollebant,
393 863 517 918 transiere
525 863 653 934 importes,
661 870 687 918 et
695 866 726 918 ut
735 862 829 917 donum
839 861 940 934 aliquod
948 880 1014 916 novo

221 939 337 1011 principi,
363 939 508 996 firmissima
532 940 717 1012 Transpadana
742 939 852 1010 regionis
878 939 1015 1010 municipia

221 1015 397 1073 Mediolanum
415 1035 445 1071 ae
464 1017 603 1072 Novariam
621 1022 648 1072 et
667 1017 818 1088 Eporediam
838 1035 867 1072 ae
885 1016 1014 1071 Vercellas

222 1094 369 1166 adjunxere.
404 1093 437 1148 Id
446 1093 552 1150 Caecina
564 1113 609 1165 per
624 1094 693 1165 ipsos
706 1102 869 1166 compertum.
906 1093 941 1150 Et
956 1094 1036 1165 quiae

222 1170 340 1243 prasidio
349 1170 395 1226 alae
403 1171 478 1226 unius
489 1171 610 1226 latissima
617 1171 700 1227 Italiae
709 1191 767 1243 pars
776 1171 877 1226 defendi
885 1171 1013 1243 nequibat,

222 1248 360 1320 praemissis
379 1248 507 1303 Gallorum
522 1248 705 1304 Lusitanorum
724 1249 954 1320 Britannorumque
973 1267 1015 1302 oo·

222 1325 341 1381 hortibus
350 1329 377 1380 et
389 1325 571 1380 Germanorum
583 1326 680 1381 vexillis
693 1345 750 1382 eum
768 1325 807 1380 ala
826 1326 938 1391 Petrina,
960 1326 1014 1397 ipse

223 1481 339 1536 flecteret
351 1479 471 1535 adversus
483 1480 632 1534 Petronium
651 1480 732 1552 †urbi
746 1481 876 1547 (Urbicum
885 1479 912 1548 l)
925 1498 1015 1551 procu·

223 1562 344 1623 retorem,
365 1557 409 1628 qui
428 1556 535 1612 concitis
553 1557 653 1612 auxiliis
672 1562 699 1613 et
716 1557 865 1629 interruptis
883 1557 1015 1612 fluminum

224 1634 346 1707 pontibus
363 1633 429 1689 fidus
443 1633 540 1689 Othoni
556 1633 702 1704 putabatur.
739 1635 790 1690 Sed
806 1641 878 1691 metu
894 1653 926 1690 ne
942 1634 1037 1697 amit-4

225 1716 293 1768 teret
305 1711 445 1784 praemissas
462 1711 516 1782 jam
535 1711 651 1766 cohortes
670 1711 779 1784 alasque,
801 1711 876 1768 simul
894 1717 1014 1784 reputans

224 1791 284 1862 plus
295 1790 381 1862 gloria
393 1794 494 1845 retenta
504 1789 587 1856 Italia,
601 1797 628 1845 et
639 1790 783 1864 ubicunque
800 1795 925 1847 certatum
939 1791 1013 1856 foret,

225 1869 336 1925 Noricos
356 1868 384 1923 in
401 1872 494 1923 catera
514 1867 626 1923 victoria
643 1869 746 1939 premia
763 1887 887 1936 cessuros,
909 1869 1014 1924 Poeniuo

225 1946 318 2002 itinere
329 1945 511 2017 subsignanum
523 1944 631 2000 militum
645 1950 672 2000 et
688 1965 764 2018 grave
781 1946 908 2019 legionum
925 1963 1016 2018 agmen

226 2023 339 2079 hibernis
350 2022 433 2078 adhuc
444 2021 552 2093 Alpibus
564 2021 685 2079 traduxit.

263 2101 333 2156 Otho
341 2100 451 2165 interim,
464 2105 553 2154 eontra
564 2119 632 2170 spem
643 2101 763 2167 omnium,
771 2119 822 2156 non
831 2099 925 2155 deliciis
934 2111 1057 2172 nequ071

228 2177 325 2233 desidia
335 2182 486 2248 torpescere.
522 2176 614 2232 Dilata
630 2177 781 2249 voluptates,
796 2177 952 2232 dissimulata
962 2177 1016 2232 lux·

227 2256 292 2320 uria,
309 2260 335 2310 et
347 2259 439 2309 cuncta
450 2254 482 2308 ad
497 2253 613 2310 decorem
628 2255 727 2326 imperii
744 2255 890 2325 composita.
928 2254 1039 2326 quue2

228 2333 287 2405 plus
300 2331 438 2387 formidinis
450 2332 587 2387 afferebant
595 2331 664 2387 falsa
673 2333 781 2387 virtutes
791 2337 817 2388 et
826 2332 888 2388 vitia
896 2331 1016 2388 reditura

229 2411 344 2465 Marium
356 2409 458 2465 Celsum
469 2409 596 2466 consulem
609 2409 776 2481 designatum,
790 2429 835 2482 per
846 2409 954 2482 speeiem
966 2410 1039 2469 vin-8

229 2487 343 2544 culorum
359 2487 462 2543 saevitia
480 2488 588 2542 militum
603 2487 769 2553 subtractum,
787 2488 862 2544 acciri
877 2488 904 2543 in
916 2489 1018 2559 Capito-

230 2565 292 2654 lium
302 2564 383 2636 jubet.
420 2565 568 2620 Clementiae
579 2564 671 2620 titrdus
687 2583 702 2620 e
714 2565 767 2620 viro
784 2565 850 2621 claro
866 2570 892 2621 et
904 2565 1041 2638 partibust

229 2641 473 2775 wathit
484 2641 1018 2792 ,tristitiittftdttbttttl.

231 2797 290 2852 Neo
313 2796 383 2852 Otho
403 2797 476 2868 quasi
497 2796 648 2868 ignosceret,
667 2797 711 2852 sed
731 2817 764 2852 ne
788 2799 874 2852 hostes
892 2800 1041 2854 metuerett

231 2872 415 2930 conciliationis
438 2873 568 2938 adhibens,
593 2874 681 2928 statim
708 2873 775 2929 iuter
797 2875 899 2928 intimos
927 2873 1019 2926 amieos

232 2949 375 3016 habuitet
395 2969 455 3005 mox
473 2949 539 3006 bello
557 2949 624 3009 iuter
641 2950 718 3005 duces
737 2949 838 3019 delegit.
873 2949 1041 3015 Mamitqueo
