2575 3592
304 411 336 458 66
638 409 757 458 TACITI

937 471 970 518 [n
982 469 1009 508 u.
1017 469 1040 508 o.
1050 469 1096 510 sm.

304 520 410 576 cedente
427 520 521 576 sensim
539 520 622 586 Celso,
640 521 741 592 longius
760 519 840 575 secuti
859 518 928 574 ultro
945 519 972 572 in
989 517 1097 574 insidias

304 599 503 670 precipitantur.
539 598 608 652 Num
625 598 776 652 alateribus
794 597 919 660 cobortes,
932 595 950 666 †
965 595 1095 666 legionum

303 678 508 748 (lepioncrioaum
519 674 551 744 i)
567 675 795 740 adversalrons„et
804 673 889 728 subito
897 672 1013 728 discursu
1021 677 1098 744 terga

281 753 437 809 2cinxerant
454 753 560 822 equites.
597 752 703 824 Signum
718 771 810 824 pugne
827 769 878 805 non
896 749 981 805 stetim
1001 768 1017 804 a
1033 749 1098 804 Sue-

304 830 375 884 tonio
387 829 494 884 Paulino
511 828 591 899 pediti
607 828 703 883 dutum.
740 829 881 884 Cunctator
897 831 995 892 natura,
1008 831 1035 882 et
1054 826 1098 882 cui

304 911 380 961 cautu
403 906 488 976 potius
512 905 617 960 consilia
638 924 697 960 cum
715 906 812 960 ratione
831 923 905 976 quam
925 921 1046 976 prospera
1064 922 1097 958 ex

304 1001 366 1038 ccsu
377 983 512 1054 placerent,
525 983 646 1053 compleri
663 983 752 1048 fossus,
771 982 863 1054 aperiri
877 999 1000 1052 campum,
1018 981 1098 1051 pandi

303 1061 383 1116 aciem
397 1059 504 1131 jubebat
513 1079 521 1125 ;
556 1060 618 1114 sutis
635 1059 688 1115 cito
705 1059 782 1131 incipi
799 1059 930 1114 victoriam
953 1062 1033 1123 ratuS,
1052 1057 1098 1112 ubi

280 1139 433 1208 aprovisum
445 1137 512 1192 foret
521 1137 731 1193 revincerentur.
767 1137 806 1192 Ea
814 1136 975 1192 cunctatione
984 1136 1097 1206 spatium

304 1215 448 1269 Vitellianis
464 1214 552 1269 datum
568 1215 595 1270 iu
609 1215 703 1280 vinens,
722 1233 789 1269 nexu
805 1213 938 1269 traducum
954 1212 1099 1284 impeditas,

304 1292 453 1364 refugiendi.
488 1292 525 1347 Et
545 1292 644 1347 modica
663 1292 726 1346 silva
744 1291 904 1357 adhaerebst3
922 1290 989 1344 unde
1006 1309 1099 1346 rursus

306 1370 362 1424 nusi
373 1369 574 1441 promptissimos
586 1369 794 1440 pretorianorum
807 1368 921 1439 equitum
938 1367 1098 1423 interfecere.
1147 1391 1148 1430 3

304 1446 461 1502 Vulnerntur
470 1465 517 1501 rex
527 1446 680 1518 Epiphanes,
692 1446 799 1517 impigre
812 1463 858 1516 pro
871 1445 972 1500 Othone
984 1463 1099 1515 pugnarn

258 1530 296 1584 26
306 1524 382 1578 ciens.
418 1524 485 1578 Tum
502 1523 663 1579 Othonianus
681 1523 758 1594 pedes
778 1523 871 1593 erupit.
908 1522 1022 1576 Protrita
1041 1522 1100 1576 bos-

305 1602 369 1656 tium
381 1601 442 1668 acie,
454 1602 522 1656 versi
531 1602 558 1656 iu
569 1601 656 1673 fugem
665 1601 740 1656 etiam
749 1600 794 1671 qui
802 1599 991 1654 subveniebant.
1027 1599 1100 1654 Num

306 1678 407 1734 Cercina
429 1697 481 1732 non
504 1678 580 1732 simul
602 1679 721 1734 cohortes
749 1676 795 1732 sed
817 1675 930 1747 singulas
954 1675 1100 1742 acciverat;
1147 1733 1148 1738 ,

306 1775 362 1827 quae
378 1773 419 1810 res
434 1755 462 1810 in
478 1755 565 1826 praelio
582 1755 777 1826 trepidationem
794 1753 873 1818 nuxit,
892 1771 951 1808 cum
969 1751 1101 1823 dispersos

282 1849 355 1895 suec
371 1851 479 1903 nsquam
496 1831 592 1886 rabdos
604 1849 683 1902 pavor
694 1830 847 1903 fugientium
863 1829 996 1900 abriperet.
1033 1830 1102 1884 Orta

307 1915 334 1965 et
357 1909 385 1964 in
408 1909 498 1964 castris
522 1908 619 1974 seditio,
645 1908 714 1980 quod
733 1927 785 1964 uon
804 1907 917 1962 universi
936 1905 1101 1962 ducerentur.

307 1987 418 2041 Vinctus
436 1986 571 2058 prefectus
588 1990 729 2041 castrorum
747 1985 832 2040 Julius
852 1985 954 2049 Gratus,
976 1987 1102 2056 tunquam

307 2063 462 2135 fratriupud
473 2063 601 2118 Othonem
612 2062 733 2117 militanti
745 2061 914 2133 proditionem
931 2065 1026 2133 ageret,
1040 2079 1103 2116 cum

307 2141 412 2196 fratrem
430 2141 495 2212 ejus,
513 2140 610 2195 Julium
628 2139 784 2194 Frontonem
795 2139 934 2205 tribunum,
959 2138 1104 2194 Othoniani

284 2219 356 2280 ssub
374 2218 462 2275 eodem
486 2218 590 2274 crimine
613 2217 763 2279 vinxissent.
800 2217 928 2272 Oetenrm
952 2233 982 2271 ee
1005 2215 1104 2288 ubique

307 2296 415 2352 formido
433 2296 483 2350 fuit
501 2295 569 2367 apud
585 2295 721 2366 rugientes,
739 2298 910 2358 occursantes,
928 2293 955 2348 iu
973 2293 1035 2358 scic,
1053 2311 1104 2360 pro

308 2373 381 2439 vallo,
394 2377 424 2428 ut
437 2373 514 2428 deleri
524 2391 582 2428 cum
590 2372 708 2426 universo
718 2371 833 2426 exercitu
842 2371 967 2425 Caecinam
975 2370 1103 2440 potuisse,

308 2451 335 2505 ni
354 2450 492 2504 Suetonius
509 2449 632 2504 Paulinus
649 2449 763 2520 receptui
779 2447 920 2512 cecinisset,
939 2447 1057 2517 utrisque
1075 2447 1105 2502 in

285 2527 424 2599 spartibus
441 2526 633 2597 percrebruerit.
669 2525 794 2582 'limuisse
811 2543 839 2579 se
860 2524 981 2580 Paulinus
1002 2523 1105 2580 ferebat

308 2609 411 2660 tautum
428 2603 531 2674 insuper
547 2603 640 2658 luboris
659 2607 736 2674 atque
758 2601 864 2668 itineris,
890 2620 922 2658 uc
946 2601 1105 2656 Vitellianus

308 2681 380 2737 miles
397 2699 485 2736 recens
502 2699 517 2735 e
534 2681 624 2736 cestris
641 2679 722 2734 fessos
739 2678 926 2751 aggrederetur,
939 2681 969 2734 et
977 2677 1106 2748 perculsis

309 2759 408 2815 nullum
425 2761 496 2812 retro
512 2756 654 2823 subsidium
669 2757 744 2812 soret.
780 2755 858 2826 Apud
875 2773 967 2826 paucos
983 2773 1014 2810 ee
1028 2755 1107 2812 ducis

309 2836 377 2891 ratio
389 2834 502 2907 probata,
515 2834 542 2889 in
552 2834 645 2906 vulgus
658 2833 762 2888 adverso
773 2851 874 2888 rumore
886 2833 943 2887 luit.

264 2919 302 2978 27
345 2912 424 2968 Haud
436 2911 540 2984 perinde
551 2911 579 2966 id
589 2911 709 2965 damnum
721 2910 871 2964 Vitellianos
883 2911 911 2964 in
922 2911 1019 2964 metum
1037 2927 1108 2965 com·

310 2989 376 3065 pulit
393 3009 470 3062 quum
487 2988 520 3045 ad
534 2987 684 3044 modestiam
697 2987 854 3058 composuit;
872 3005 920 3043 nec
937 2986 1019 3044 solum
1035 2988 1110 3060 apud
