2575 3592
285 425 316 476 78
628 423 748 473 TACITI

915 486 949 534 [Δ.
961 487 986 527 U.
997 489 1019 528 0.
1030 487 1074 529 822

284 536 385 592 initium
397 533 449 590 illio
459 533 527 589 fuit:
545 553 577 589 ne
592 535 736 606 plusquam
756 534 833 590 semel
850 539 984 604 certemus,
996 555 1075 608 penes

283 633 325 669 me
334 612 476 682 exemplunm
489 612 546 666 erit.
582 613 652 667 Hinc
664 613 791 667 Othonem
804 613 940 684 posteritas
956 615 1075 670 estimet.

262 691 395 750 elmerus
418 688 537 744 Vitellius
561 688 647 755 fratre,
672 690 787 761 conjuge,
811 689 912 744 liberis:
938 691 1000 746 milri
1023 709 1076 746 non

283 768 381 823 ultione
392 785 474 837 neque
490 765 586 821 solatiis
602 785 667 837 opus
680 771 726 821 est.
762 767 814 822 Alii
832 767 928 821 diutius
940 767 1076 839 imperium

283 845 427 899 tenuerint:
446 847 588 897 nemetum
604 843 706 898 fortiter
723 843 862 915 reliquerit.
899 845 941 899 An
957 863 1005 916 ego
1017 851 1076 900 tan-

283 925 339 976 tum
351 921 473 975 Romane
483 919 565 991 pubis,
574 926 615 975 tot
626 921 742 992 egregios
755 921 881 976 exercitus
894 923 973 976 sterni
985 939 1076 977 rursus

260 1001 311 1052 tet
330 997 368 1052 rei
387 996 494 1068 publicae
514 997 578 1067 eripi
598 998 699 1068 patiar?
718 999 768 1053 Eat
787 998 828 1053 hic
847 1017 946 1054 mecum
966 999 1074 1066 animus,

279 1079 404 1144 tanquam
426 1074 534 1144 perituri
556 1092 603 1145 pro
626 1093 667 1130 me
691 1074 798 1129 fueritis.
836 1075 886 1130 Sed
909 1080 964 1130 este
987 1095 1076 1147 super-

284 1152 366 1206 stites.
406 1150 462 1205 Nec
486 1150 530 1205 diu
553 1158 689 1217 moremur,
720 1169 768 1224 ego
794 1152 994 1207 incolumitatem
1017 1171 1077 1208 res-

262 1232 356 1293 ttrum,
376 1245 422 1282 vos
442 1228 611 1282 constantium
630 1247 719 1283 meam.
755 1229 834 1284 Plura
851 1229 882 1284 de
900 1229 1019 1284 extremis
1038 1230 1076 1285 lo·

283 1305 327 1376 qui
345 1323 403 1375 psus
421 1305 528 1377 ignavie
547 1313 596 1360 ost.
631 1305 791 1377 Proecipuum
816 1306 990 1362 destinationis
1011 1325 1076 1363 mese

283 1381 462 1437 documentum
485 1382 584 1449 habete,
608 1382 677 1453 quod
697 1381 729 1437 de
753 1383 853 1438 nemine
877 1402 984 1456 queror:
1013 1403 1076 1439 nam
1151 1389 1152 1406 ¹

283 1459 397 1514 incusare
415 1459 475 1514 deos
492 1459 533 1514 vel
551 1459 673 1524 homines,
688 1463 743 1529 ejus
762 1465 801 1515 est
820 1461 864 1532 qui
881 1462 966 1516 vivere
983 1461 1074 1516 velit.’'

237 1536 472 1605 sermonicatus,
484 1543 515 1590 ut
533 1537 625 1606 cuique
641 1541 703 1592 aetss
716 1541 760 1592 aut
777 1537 895 1609 dignitas,
909 1539 1014 1593 comiter
1030 1557 1076 1610 ap-

282 1613 396 1685 pellatos,
410 1613 476 1668 irent
492 1631 598 1685 propere
613 1633 665 1667 neu
680 1613 831 1669 remanendo
843 1615 904 1669 irem
917 1615 1020 1670 victoris
1033 1635 1076 1670 us-

281 1697 407 1762 perarent,
425 1692 532 1761 juvenes
547 1691 708 1755 auctoritate,
722 1709 794 1746 senes
812 1691 928 1763 precibus
946 1691 1074 1759 movebat,

282 1766 395 1838 placidus
415 1786 466 1832 ore,
488 1767 630 1838 intrepidus
643 1767 735 1834 verbis,
756 1769 946 1840 intempestivas
968 1787 1076 1825 suorum

261 1843 396 1900 2lacrimcs
418 1849 544 1899 coercens.
581 1845 644 1899 Duri
655 1863 732 1900 neves
752 1863 780 1900 sc
792 1846 906 1901 vehiculu
922 1845 1076 1903 abeuntibus

279 1920 370 1993 jubet3
388 1919 485 1977 libellos
497 1921 667 1992 epistolasque
679 1923 764 1977 studio
776 1941 837 1995 erga
848 1942 876 1978 se
892 1932 936 1978 sut
954 1923 982 1978 in
992 1923 1077 1979 Vitel-

281 1997 344 2052 lium
362 1998 521 2053 contumeliis
539 1998 651 2070 insignes
670 1998 772 2065 sbolct;
796 2000 915 2071 pecunias
934 1999 1075 2067 distribuit,
1152 2003 1153 2008 ’

259 2074 599 2146 spurcenecutperiturus.
620 2075 684 2130 Mox
693 2077 803 2131 Salvium
813 2077 978 2132 Cocceianum
987 2077 1076 2133 fratris

281 2152 368 2220 filium,
380 2153 461 2224 prima
469 2152 582 2224 juvente,
592 2153 720 2224 trepidum
733 2159 759 2208 et
772 2159 917 2208 merentem
929 2154 997 2208 ultro
1009 2154 1077 2210 sola-

281 2235 324 2285 tus
336 2234 384 2295 est,
394 2229 520 2285 laudando
528 2230 650 2302 pietatem
663 2231 727 2302 ejus,
738 2231 886 2302 castigando
898 2229 1075 2288 formidinem:

282 2307 454 2362 enVitellium
466 2312 519 2362 tum
527 2307 632 2362 immitis
639 2307 717 2362 enimi
726 2307 788 2374 fore,
797 2313 827 2362 ut
835 2326 881 2379 pro
890 2307 1009 2364 incolumi
1017 2313 1078 2364 tota

282 2382 356 2438 domo
368 2403 400 2439 ne
412 2385 477 2440 hanc
488 2384 590 2456 quidem
602 2385 652 2439 sibi
664 2385 771 2456 gratiam
783 2385 920 2441 redderet?
938 2385 1034 2440 Meteri
1047 2405 1077 2442 se

258 2461 402 2515 efestinato
419 2462 490 2516 exitu
506 2461 666 2517 clementium
683 2461 795 2517 victoris.
831 2461 892 2517 Non
904 2462 971 2518 enim
982 2463 1078 2518 ultima

282 2537 465 2609 desperatione,
479 2537 525 2593 sed
541 2543 662 2609 poscente
678 2539 791 2610 praelium
808 2539 929 2605 exercitu,
946 2539 1078 2596 remisisse

282 2615 320 2669 rei
343 2613 450 2685 publicee
472 2615 638 2670 novissimum
662 2634 755 2670 cesum.
792 2617 860 2671 Satis
884 2616 934 2672 sibi
956 2617 1077 2687 nominis,

260 2693 346 2746 testis
361 2691 470 2762 posteris
490 2692 544 2746 suis
561 2691 702 2748 nobilitatis
721 2693 863 2764 quesitum.
899 2694 964 2748 Post
981 2693 1078 2761 Julios,

283 2765 410 2832 Claudios,
423 2767 531 2832 Servios,
548 2769 698 2838 septimum
712 2769 740 2823 in
751 2769 871 2824 familiam
887 2787 979 2825 novem
994 2771 1078 2842 impe-

281 2844 348 2899 rium
361 2843 485 2898 tutudisse.
514 2844 624 2898 Proinde
636 2850 722 2900 erecto
734 2847 816 2900 eninm
830 2851 972 2918 capesseret
984 2847 1075 2915 vitam,

281 2939 333 2975 neu
355 2925 474 2991 patruum
492 2919 541 2974 sibi
560 2920 689 2975 Othonem
712 2921 790 2977 fuisse
814 2928 858 2977 sut
882 2922 1078 2981 oblivisceretur

237 2999 394 3069 49unquem
418 3002 463 3052 sut
480 2996 586 3052 nimium
609 2997 773 3053 meminisset.
821 2999 969 3070 Postque,
993 2999 1077 3057 dinuo·
