2575 3592
390 372 438 421 DE
455 371 681 422 ORANRIBUS
701 373 738 432 lu,
752 375 788 424 17.
934 374 982 423 m

219 481 914 555 “colummanustimntomuquibnmu
925 482 1025 542 Mc-ll

182 565 302 627 mium.
315 567 347 616 ut
361 568 432 632 puto,
444 561 590 632 Agrippum,
603 561 647 632 qui
665 565 751 632 potest
763 558 841 615 videri
853 561 981 631 antiquus,

182 647 336 698 nostrornm
359 644 501 708 temporum
521 637 622 692 iliscrtis
645 643 798 708 anteponere
820 636 915 701 soletis,
937 635 983 692 scd

184 720 339 774 Ciceronem
350 721 377 770 et
390 715 513 769 Cnsarcm
522 719 549 768 ct
561 713 665 770 Gulium
678 721 705 768 st
717 714 822 768 Calvum
834 717 861 768 ct
872 713 982 768 Brutum

185 801 212 850 ct
233 792 355 848 Asinium
377 795 404 846 ct
427 789 680 850 nasamonas
704 790 766 861 quid
786 789 895 861 antiquis
919 795 983 844 tam·

186 869 294 943 poribus
307 868 393 939 potins
400 867 532 924 ascribatis
540 885 615 938 quam
624 867 726 932 nostris
737 885 789 922 nou
799 865 880 922 uideo.
915 866 1005 921 Naml

186 955 216 1002 ut
240 946 276 1000 dc
300 945 453 1000 Cicerone
445 963 501 1016 ipsc
519 944 615 1016 loquar,
637 944 726 998 Hirtio
746 961 836 1074 usurpa
855 949 882 999 ct
901 944 1016 998 Pausa
1010 977 1015 986 ·

186 1021 347 1086 consulibus,
359 1027 390 1076 ut
404 1021 465 1076 'liro
479 1021 620 1076 libertus
596 1039 653 1092 cJus
670 1020 779 1091 scripsit,
798 1022 906 1091 septimo
921 1019 983 1076 Idus

186 1102 314 1156 Deccmbr-
331 1098 487 1164 occisuscst,
496 1115 548 1170 quo
558 1097 707 1152 aunodivus
721 1098 871 1168 Augustus'
864 1117 891 1153 ιιι
901 1098 984 1154 locum

186 1178 280 1232 Pansae
304 1180 331 1230 et
353 1175 436 1230 Hirtii
458 1193 486 1230 sc
508 1179 536 1229 ct
559 1173 713 1234 QPcdium
733 1174 851 1230 consulas
876 1175 983 1230 suffecit.

187 1255 283 1309 Statura
302 1269 349 1306 sex
368 1255 395 1306 et
411 1251 593 1323 quinquagints
612 1269 700 1316 anuos,
721 1250 813 1322 quibus
831 1269 891 1306 mcx
911 1251 984 1306 divus

186 1334 326 1400 Augustus
347 1327 545 1399 rempublicam
563 1328 644 1394 rcxit;
673 1327 753 1398 adjice
770 1327 866 1382 'liberii
883 1332 935 1383 tras
956 1331 984 1383 ct

186 1405 291 1478 viginti,
307 1409 335 1458 ct
353 1421 431 1475 pmpa
448 1403 639 1476 quadriennium
660 1405 722 1469 Caii,
742 1423 771 1460 ac
792 1404 830 1460 bis
848 1409 983 1476 quaternos

187 1486 270 1539 denos
289 1480 389 1535 Claudii
403 1485 430 1536 at
446 1481 557 1536 Neronis
572 1499 659 1550 annos,
676 1487 752 1554 atquc
768 1481 838 1536 illum
856 1481 941 1536 Galba
956 1486 984 1538 et

186 1557 302 1616 Othonis
313 1562 340 1612 et
355 1557 454 1612 Vitellii
468 1557 572 1629 longum
586 1562 614 1613 ct
629 1577 708 1612 unum
726 1577 827 1622 annum,
840 1576 870 1612 ac
885 1567 983 1613 sextam

184 1639 239 1709 jam
251 1635 336 1690 felicis
346 1634 423 1705 hujus
435 1636 591 1706 principatus
599 1635 743 1700 stationem,
754 1654 804 1706 qua
812 1635 985 1706 Vespasianus

186 1711 372 1784 rempublicam
389 1711 473 1766 luvet:
491 1716 594 1766 centum
608 1719 636 1766 ct
652 1711 742 1783 viginti
755 1713 814 1766 anni
831 1711 862 1767 ab
878 1713 984 1768 interitu

187 1789 323 1846 Ciceronis
333 1789 361 1842 iu
372 1789 440 1842 hunc
451 1788 517 1843 diam
528 1787 690 1859 colliguntur,
701 1787 777 1843 unius
793 1789 902 1844 hominis
913 1794 982 1844 aelas.

186 1869 258 1923 Nam
273 1865 327 1936 ipss
339 1883 387 1935 ego
402 1865 429 1919 in
443 1865 575 1920 Britannia
588 1865 639 1920 vidi
655 1883 748 1930 senem,
761 1867 845 1938 quise
861 1867 1009 1922 fatereturs

187 1951 216 2000 ct
235 1961 333 2014 pugnus
353 1942 499 1996 interfuisse
519 1959 569 2012 qua
589 1941 721 2007 Coesarcm,
744 1943 892 1998 inicientem
916 1962 985 1998 arma

187 2018 338 2082 Britannia,
348 2036 433 2073 arcera
444 2017 560 2073 litoribus
572 2023 599 2072 ct
608 2019 701 2089 pellere
713 2021 826 2090 aggressi
838 2027 905 2074 sunt
940 2020 983 2073 Ita

187 2095 619 2242 lfflaqlllltl'lriul
630 2095 984 2244 illillllllfilll

187 2251 318 2306 cesarem
338 2248 420 2319 ipsum
440 2253 467 2303 ct
485 2248 629 2303 Ciceronem
645 2249 732 2304 aridius
748 2249 831 2320 potuit
847 2253 873 2303 ct
888 2249 982 2303 nostris

187 2343 293 2398 quoquc
305 2323 446 2380 actionibus
455 2325 584 2378 interesse.
620 2325 739 2380 Proximo
748 2323 847 2397 quidem
856 2325 1006 2396 congiaricl

186 2403 239 2474 ipsi
255 2401 354 2456 vidistis
370 2401 502 2472 plerosque
514 2419 595 2466 senes,
612 2402 656 2472 qui
672 2421 726 2456 sca
741 2401 799 2456 divo
816 2421 915 2474 quoquc
931 2409 990 2458 Au·-

187 2485 269 2551 gustc
290 2479 366 2533 scmcl
390 2484 468 2550 atquc
488 2478 579 2532 iterum
604 2480 729 2550 accepisse
748 2480 903 2551 congiarium
927 2499 984 2536 nar-

189 2557 289 2612 rabant.
324 2555 366 2610 Ex
384 2573 435 2624 quo
451 2555 535 2625 colligi
551 2560 638 2625 potsst
649 2566 675 2610 ct
692 2556 829 2611 Coruinum
845 2558 877 2613 ab
893 2557 941 2612 illis
957 2563 984 2612 ct

188 2634 310 2690 Asinium
333 2631 415 2687 audiri
438 2633 566 2702 potuisse:
596 2651 655 2686 nam
679 2634 801 2689 Corvinus
824 2635 851 2690 in
874 2635 983 2689 medium

189 2729 273 2782 usquc
286 2709 397 2780 Augusti
410 2709 584 2778 principatum,
599 2709 703 2764 Asinius
715 2729 786 2781 poene
801 2711 832 2766 ad
844 2718 983 2766 extremum

189 2787 301 2844 durarit.
339 2786 382 2840 Nc
398 2785 516 2840 dividatis
532 2785 693 2850 manumet
711 2789 827 2860 antiquos
839 2805 868 2841 ac
885 2793 1005 2842 veterna

189 2864 310 2921 vocitetis
328 2869 449 2926 oratores,
467 2880 530 2932 quos
548 2861 683 2916 eorundem
704 2863 832 2919 hominum
846 2881 919 2918 aures
940 2885 984 2938 ag-

190 2959 298 2999 nuscere
309 2958 340 2996 ac
351 2939 421 2994 velut
433 2939 587 3010 conjungere
598 2943 625 2994 et
636 2939 753 3010 copulare
765 2945 910 3012 potueruut.
