2575 3592
305 386 351 435 112
643 384 763 433 Tuom

928 444 962 493 [s.
973 444 1032 485 uo.
1041 446 1089 487 san

303 514 429 569 qusquam
439 495 583 551 Vitellianis
594 494 678 567 psr'es,
687 497 794 568 (quippe
810 498 864 550 tres
878 493 962 551 adhue
973 494 1091 565 legiones

303 575 396 643 erant)
409 573 477 629 misit
493 572 614 645 epistolas
630 574 736 639 (ineius,
749 574 917 628 temeritatem
934 572 1002 627 vieta
1018 590 1092 628 nemu

303 652 469 708 trmtantinm
489 651 617 706 inensnns.
653 651 734 707 Simul
751 650 834 706 virtus
855 649 997 705 Germanioi
1016 668 1092 705 exer-

304 731 373 785 eitus
389 728 506 783 lendibus
523 727 694 794 attollebatur,
712 727 811 783 Vitellii
826 726 925 783 modion
942 730 970 781 et
990 726 1092 798 vulgari

305 806 441 871 mentione,
469 805 541 861 nulla
568 805 596 860 in
617 805 802 876 Vespasianum
829 802 995 859 contumelia:
1026 804 1090 859 nihil

305 901 408 955 prorsus
428 883 499 954 quod
521 885 567 937 sut
590 886 762 953 oommsperet
782 882 881 937 hostem
904 885 949 935 sut
971 884 1091 937 terreret.

283 960 480 1015 6Flnuiansrnm
491 960 601 1031 partium
612 959 698 1025 duees,
711 958 805 1014 omissa
815 958 905 1030 prioris
919 958 1032 1013 fortunae
1047 959 1093 1013 de·

305 1038 426 1103 tensione,
438 1055 485 1109 pro
496 1037 652 1109 Vespasiano
662 1036 803 1109 magnifiee,
821 1054 867 1107 pro
883 1053 959 1091 eruas
973 1035 1092 1103 fidenter,

305 1116 337 1171 de
347 1115 462 1171 exercitu
470 1115 562 1180 senus-i,
571 1114 600 1170 in
611 1114 744 1170 Vitellisuu
755 1118 785 1169 ut
796 1114 890 1169 iuimiei
898 1130 1090 1185 presumpsisse,

304 1194 374 1248 faeta
383 1191 493 1247 tribunis
504 1190 744 1262 eentmionibusque
754 1190 880 1246 retinendi
896 1209 952 1263 qun
968 1190 1092 1245 Vitellius

305 1269 450 1331 indulsisset
470 1287 526 1339 spe.
560 1269 648 1339 Atque
667 1268 751 1339 ipsum
772 1268 896 1323 Oeoinnm
915 1286 965 1323 nou
981 1267 1092 1324 obscum

283 1348 338 1408 tad
356 1346 532 1402 transitionem
549 1344 725 1401 messenum
759 1344 884 1401 lteoitatoe
903 1362 950 1415 pm
966 1346 1092 1400 sunnone

304 1423 417 1496 epistole
428 1422 546 1478 addidere
557 1421 682 1488 fidueinm,
690 1421 890 1493 quodsubmisse
900 1421 1008 1487 Cresius,
1019 1422 1093 1477 velut

303 1501 429 1558 offendere
437 1499 623 1571 Vespssisnmu
634 1499 735 1564 timens,
747 1499 860 1570 ipsorum
871 1498 948 1555 dmm
958 1503 1093 1571 oontemp

303 1582 358 1647 tim,
370 1582 492 1649 tanqnnm
502 1576 655 1633 insultantes
667 1575 779 1644 Vitellio,
792 1575 958 1647 scripsissent.

262 1663 296 1718 10
337 1656 458 1712 Adventu
471 1654 561 1711 deinde
573 1653 681 1709 duarum
697 1654 831 1725 legionum,
847 1672 862 1709 e
877 1652 970 1724 quibus
986 1654 1092 1709 tertiam

303 1734 396 1789 Dillius
407 1731 562 1803 Aponianus,
574 1734 690 1787 means
705 1730 839 1786 Numisius
853 1729 943 1801 Lupus
955 1728 1092 1798 dnoemm,
1140 1738 1141 1791 l

303 1815 431 1866 ostentare
451 1809 517 1863 siras
538 1812 567 1863 et
589 1808 693 1865 militsri
708 1808 773 1863 valle
789 1809 916 1864 Veronam
934 1808 1093 1865 eircumdrue
1140 1800 1141 1861 l

303 1887 405 1958 placuit
442 1885 519 1941 Forte
530 1884 658 1941 Gulhiunsn
669 1885 762 1957 legioni
773 1886 801 1941 in
811 1885 917 1941 edveme
930 1885 1016 1941 ironte
1030 1886 1094 1942 uelli

303 1982 367 2035 opus
387 1968 505 2027 cesserat,
524 1966 553 2017 et
569 1962 618 2017 visi
634 1962 722 2033 procul
739 1963 864 2017 seniorum
881 1962 979 2033 equites
998 1981 1093 2018 vanum
1140 1960 1141 1975 ¹

282 2039 469 2107 ttormidinem,
486 2043 517 2094 ut
534 2040 629 2103 trustes.
650 2040 740 2095 fecere.
775 2040 921 2111 Rapiuntur
932 2058 1008 2109 erma,
1021 2046 1048 2097 et
1061 2045 1093 2095 ut

303 2117 452 2189 proditionis
481 2116 520 2171 ira
547 2116 656 2170 militum
683 2116 711 2171 in
739 2116 768 2173 Τ.
792 2118 912 2188 Ampium
941 2117 1093 2173 Flavianum

303 2195 425 2263 incubuit,
446 2194 517 2249 nullo
539 2193 651 2249 oriminis
674 2198 830 2266 urgmnento,
854 2194 899 2249 sed
919 2194 972 2265 jam
991 2195 1094 2266 pridem

303 2273 407 2338 invisus,
428 2271 531 2328 turbine
549 2270 657 2341 quodam
675 2270 708 2325 nd
724 2271 828 2327 exitium
847 2272 1012 2343 poscebatur:
1032 2288 1094 2344 pro-

303 2350 426 2420 pinquum
447 2348 554 2410 Vitellii,
577 2347 870 2419 proditorem'Othonis,
894 2350 1093 2421 interseptoeem

282 2426 416 2485 sdonetivi
428 2424 597 2481 clamitabant.
632 2426 657 2480 N
661 2443 690 2481 oe
702 2424 841 2481 defensioni
851 2426 929 2491 loeus,
946 2444 1092 2498 quanquam

304 2502 429 2573 supplioes
451 2521 540 2557 manus
562 2501 686 2568 tenderet
710 2502 781 2559 humi
809 2503 956 2574 plerumque
984 2508 1092 2569 strutus,

303 2580 385 2635 leoena
404 2582 483 2644 veste,
502 2583 592 2649 peetus
611 2583 689 2650 atque
704 2598 749 2635 orn
766 2580 880 2651 singultu
895 2581 1021 2652 quatiens.
1058 2581 1093 2635 Id

303 2657 387 2726 ipsum
407 2654 476 2725 apud
493 2655 604 2711 infensos
622 2656 814 2711 incitamentum
832 2661 896 2722 erat,
911 2662 1033 2729 tunquam
1051 2660 1094 2713 ni-

281 2735 368 2787 tmius
387 2748 466 2801 perer
485 2732 665 2787 eonscientinm
683 2738 810 2803 argueret.
845 2734 1007 2790 Obturhatun
1025 2736 1093 2791 mili-

302 2813 359 2863 tum
374 2806 477 2863 roeibus
490 2808 611 2877 Aponius,
624 2826 682 2865 eum
698 2809 769 2881 loqui
784 2817 926 2883 eoeptaret;
945 2812 1049 2867 iremitu
1064 2830 1079 2867 e

303 2884 411 2938 elamore
439 2887 546 2937 oaeteros
569 2890 744 2955 aspernantur.
780 2889 834 2943 Uni
861 2890 974 2943 Antonio
994 2895 1089 2960 apertu

302 2959 411 3015 militum
427 2977 518 3015 aures:
536 2976 643 3030 uanique
660 2967 688 3016 et
705 2962 822 3019 ineundis
841 2964 928 3021 adeum
950 2965 1090 3021 mulcendi·
