2575 3592
320 389 351 435 14
652 387 771 438 TACITI

943 451 977 499 [s.
988 449 1016 488 n.
1025 449 1048 490 c.
1057 449 1105 490 aaa.

318 497 435 570 cupidine
458 497 554 569 ingenii
577 497 682 556 hnmani
705 499 825 556 libentius
845 499 957 556 obscura
980 499 1110 556 credendi.

273 576 375 633 23Ncc
393 575 480 629 deerat
498 574 658 641 Ptolemaeus,
679 577 731 648 jam
746 581 774 632 et
792 577 893 634 sceleris
911 577 1053 641 instinctor,
1074 577 1109 630 ad

318 651 386 722 qnod
394 652 511 706 facillime
521 651 554 708 ab
566 653 692 722 ejusmodi
702 658 763 708 voto
774 655 906 708 transitur.
944 653 994 708 Sed
1003 653 1108 710 sceleris

316 729 440 800 cogitatio
452 729 578 784 incertum
590 747 623 782 an
637 749 744 801 repens:
764 731 850 786 studia
865 731 974 786 militum
987 731 1040 800 jam
1056 733 1109 800 pri-

319 806 376 860 dem
389 825 434 878 spe
446 807 613 862 successionis
631 813 676 862 aut
692 813 783 879 paratu
800 809 919 864 facinoris
934 808 1107 871 affectaverat,

317 883 346 938 in
368 883 467 948 itinere,
492 883 519 938 in
542 883 650 954 agmine,
673 884 701 940 in
724 886 875 950 stationibus
903 884 1108 940 venustissimum

317 979 443 1031 quemque
454 959 564 1015 militum
575 961 676 1018 nomine
689 981 789 1028 vocans,
798 981 828 1018 ao
836 962 957 1018 memoria
965 960 1109 1016 Neroniani

316 1039 453 1095 comitatum
472 1037 665 1094 contubernales
690 1039 853 1111 appellaud03
873 1040 935 1094 alios
959 1056 1106 1110 agnoscere,

318 1115 440 1185 quosdam
458 1114 594 1185 requirere
616 1119 643 1170 et
664 1117 771 1187 pecunia
788 1122 833 1172 ant
854 1117 937 1189 gratis
954 1116 1050 1187 juvare,
1069 1115 1108 1169 in·

316 1191 426 1247 serendo
436 1191 530 1262 saepius
542 1192 657 1262 querelas
665 1194 830 1265 elambiguos
839 1194 870 1249 de
881 1193 960 1250 Galba
969 1210 1106 1258 sermones,

296 1268 650 1340 aqnoeqnealiuturbamenta
659 1269 736 1342 vulgis
760 1271 878 1332 {Labores
886 1271 1012 1334 itinerum,
1021 1269 1108 1339 inopia

318 1350 513 1411 commeatuum,
535 1345 632 1400 duritia
654 1347 752 1418 imperii
774 1348 886 1404 atrocius
910 1346 1105 1417 accipiebantur,

315 1440 376 1477 cnm
393 1423 539 1493 Campania
556 1422 626 1478 lacus
644 1427 671 1478 et
686 1423 791 1484 techna
806 1424 881 1480 urbes
900 1423 1021 1480 classibus
1035 1421 1107 1478 adire

317 1499 388 1557 soliti
406 1500 558 1570 Pyrenaeum
579 1503 606 1553 ct
624 1499 704 1570 Alpes
725 1505 752 1556 et
772 1501 894 1558 immensa
911 1501 1009 1558 marum
1023 1499 1107 1570 spatia

273 1585 385 1647 24aegre
397 1576 445 1631 sub
457 1575 533 1630 armis
545 1575 710 1633 eniterentur.
746 1577 924 1650 Flagrantibus
931 1577 982 1649 jam
996 1577 1106 1634 militum

318 1653 408 1708 animia
420 1652 491 1708 volut
506 1653 575 1707 laces
593 1652 724 1710 addiderat
738 1655 847 1712 Meuium
863 1655 974 1720 Pudens,
992 1673 1006 1712 e
1021 1655 1106 1724 proxi-

295 1731 366 1794 nmis
382 1730 508 1802 Tigellini.
543 1731 572 1786 Is
588 1731 781 1788 mobilissimum
798 1751 923 1804 quemque
940 1731 1041 1803 ingenio
1059 1734 1106 1786 aut

317 1807 431 1880 pecunie
451 1807 565 1879 indigum
585 1812 612 1862 et
632 1808 660 1862 in
680 1827 758 1866 novas
778 1809 931 1880 cupiditates
949 1807 1106 1879 precipitem

318 1884 457 1950 alliciendo,
480 1904 511 1940 eo
526 1885 648 1955 paulatim
664 1904 813 1958 progressus
831 1891 871 1942 est
888 1891 919 1942 ut
932 1905 978 1958 per
995 1885 1106 1956 speciem

316 1963 434 2028 convivii,
458 1963 577 2033 quotiens
601 1962 681 2018 Galba
704 1964 772 2034 apud
796 1965 924 2020 Othonem
950 1963 1104 2034 epularetur,

316 2040 417 2094 cohorti
428 2039 547 2094 excubias
564 2040 651 2111 agenti
668 2039 763 2098 viritim
777 2045 897 2096 centenos
911 2058 1027 2098 nummos
1043 2039 1105 2094 divi-
1149 2041 1150 2044 ’

319 2117 391 2172 deret
400 2137 408 2182 ;
425 2135 501 2188 quam
512 2115 582 2171 velut
600 2115 726 2187 publicam
737 2117 897 2190 largitionem
914 2117 983 2175 Otho
1001 2117 1106 2172 secreti-

315 2194 404 2250 oribus
417 2193 484 2265 apud
495 2193 608 2264 singulos
617 2194 727 2263 premiis
736 2195 891 2260 intendebat,
901 2193 963 2250 adeo
976 2195 1105 2252 animosus
1149 2233 1150 2238 κ

318 2276 452 2343 corruptor
474 2276 505 2325 nt
529 2270 635 2325 Cocceio
659 2271 768 2328 Proculo
791 2271 951 2343 speculatori,
976 2271 1008 2328 de
1031 2275 1105 2342 parte

317 2348 407 2403 finium
422 2367 481 2403 cnm
497 2347 579 2403 vicino
594 2347 740 2419 ambigenti,
758 2349 904 2405 universum
920 2349 997 2405 vicini
1014 2367 1106 2420 agrum
1149 2415 1150 2424 ἵ

317 2444 366 2481 sua
376 2425 483 2496 pecnnia
494 2427 607 2495 ¹emptum
619 2423 685 2480 dono
698 2424 803 2490 dederit,
823 2443 870 2496 per
885 2425 1026 2483 socordiam
1040 2444 1106 2496 prae-
1149 2429 1150 2432 ’

273 2507 310 2560 25
318 2503 386 2567 lecti,
400 2520 474 2572 quem
486 2505 547 2556 nota
558 2500 654 2571 pariter
666 2504 692 2556 et
704 2502 805 2558 occulta
816 2501 944 2559 fallebant.
982 2501 1032 2556 Sed
1047 2506 1105 2557 turn

317 2599 333 2636 e
353 2578 450 2634 libertis
470 2578 638 2634 Onomastum
659 2577 747 2634 futuro
766 2579 855 2636 sceleri
874 2579 995 2651 prefecit,
1018 2597 1033 2633 a
1053 2598 1104 2649 quo

318 2656 440 2712 Barbium
453 2654 590 2711 Proculum
601 2655 765 2712 tesserarium
781 2657 967 2727 speculatorum
979 2659 1006 2711 et
1024 2655 1105 2710 Vetu-

316 2735 384 2790 rium
403 2733 531 2804 optionem
550 2731 689 2786 eorundem
711 2732 855 2804 perductos,
876 2738 1011 2805 postquam
1033 2732 1104 2788 vario

316 2829 433 2868 sermone
452 2808 557 2866 callidos
576 2807 734 2880 audacesque
755 2811 881 2882 cognovit,
902 2811 985 2882 pretio
1005 2813 1031 2866 et
1048 2827 1105 2880 pro-

318 2889 402 2944 missis
423 2890 520 2952 onerat,
541 2885 602 2940 data
620 2886 728 2955 pecunia
748 2887 781 2942 ad
798 2887 978 2959 pertantandos
994 2887 1105 2960 plurium

296 2967 422 3030 caninos.
458 2965 598 3034 Suscepere
618 2962 669 3018 duo
685 2963 853 3036 manipulares
866 2965 1001 3038 imperium
1018 2964 1105 3036 populi
