2575 3592
301 415 349 464 822
618 417 767 468 tlemus

300 529 449 595 reverentis,
461 529 545 586 nullus
556 531 751 602 magistratuum
762 531 859 599 modus,
872 532 932 590 tulit
944 534 998 590 siue
1009 534 1089 592 dubio

301 604 464 661 valentiorem
487 606 661 679 eloquentium,
682 609 748 664 siout
768 608 904 665 indomitus
928 628 988 682 ager
1010 611 1089 668 habet

302 681 422 754 quasdem
448 683 539 740 herbas
561 683 678 740 letiores.
714 685 764 740 Sed
787 704 833 742 neo
856 687 922 742 tenti
944 686 1089 758 reipublice

303 759 471 814 Gracchorum
488 761 631 832 eloquentia
647 762 704 827 fuit,
721 767 751 818 ut
768 767 897 833 pateretur
913 766 940 819 et
951 763 1089 834 ingemiseo

302 834 366 892 bene
378 837 468 892 imnmu
480 837 628 909 eloquentie
640 839 729 894 Cioero
741 839 786 894 teli
797 840 869 894 exitu
880 839 1001 912 pensavit.

257 916 291 968 41
337 916 353 944 “
360 913 401 968 Sio
411 931 517 986 quoque,
525 914 594 986 qnod
605 920 720 987 superest
733 916 830 988 autiqur
841 917 991 982 oratoribus,
1003 916 1089 972 iorum

302 1007 353 1044 uon
365 989 502 1046 emendate
514 1009 560 1047 nee
571 1010 652 1064 usque
664 993 696 1048 nd
713 997 800 1048 votum
818 994 964 1065 oompositae
975 994 1089 1050 civitatis

303 1074 478 1138 argumentum
494 1075 541 1123 est.
577 1068 643 1128 Quis
660 1069 727 1124 euim
742 1087 789 1124 uos
807 1069 914 1126 udvoeet
926 1070 975 1126 nisi
986 1075 1031 1125 sut
1043 1089 1089 1125 nu·

303 1162 363 1199 oens
377 1150 422 1199 sut
438 1146 534 1201 miser?
564 1145 641 1206 Quod
658 1146 822 1218 municipium
840 1147 867 1202 in
879 1146 1020 1204 clientelam
1031 1165 1089 1202 nos·

302 1225 369 1277 trum
379 1222 457 1288 uenit,
467 1223 515 1278 nisi
528 1222 595 1294 quod
607 1227 652 1279 eut
665 1223 762 1280 sicinus
774 1224 882 1295 populus
894 1229 939 1279 aut
951 1224 1090 1280 domestice

280 1298 426 1354 nuisoordiu
444 1299 543 1372 agitati
570 1300 655 1359 Quum
671 1299 823 1372 provinciam
837 1305 947 1367 tuemur,
965 1301 1015 1356 uisi
1030 1319 1089 1372 spo-

303 1375 389 1430 lietem
411 1379 595 1448 vexatumque?
621 1377 702 1449 Atqui
719 1377 809 1432 melius
827 1377 919 1434 fuisset
941 1397 993 1433 non
1016 1378 1090 1449 queri

303 1471 377 1524 qnam
398 1453 526 1511 vindicari.
562 1453 662 1514 Quodsi
682 1453 837 1510 inveniretur
854 1454 938 1526 ulique
954 1455 1044 1510 eivitus
1062 1455 1090 1509 in

304 1548 437 1602 qunnemo
454 1534 576 1600 peccaret,
592 1531 763 1601 superveeuud
780 1535 846 1586 esset
863 1531 931 1586 iuter
942 1532 1089 1587 innoeentes

280 1612 389 1661 teretur
407 1607 473 1661 siout
493 1607 560 1662 inter
578 1625 653 1662 sanos
676 1607 795 1663 medicus.
832 1607 966 1668 Quomodo
989 1607 1007 1667 t
1029 1606 1089 1662 inde

303 1683 433 1738 minimum
459 1702 521 1738 usus
543 1684 724 1756 minimumque
748 1683 876 1756 proiectus
900 1703 940 1739 ers
964 1683 1089 1740 medentis

303 1759 381 1815 hebet
404 1760 431 1814 iu
453 1759 484 1815 iis
507 1759 634 1832 gentibus,
654 1780 709 1832 qne
732 1761 875 1816 firmissime
897 1759 1041 1816 valetudiue
1059 1777 1089 1816 uo

303 1836 472 1892 saluberrimis
495 1837 641 1908 corporibus
665 1842 782 1904 utuntur,
802 1839 839 1894 sie
856 1838 938 1893 minor
960 1841 1089 1892 oratorum

304 1913 481 1985 obscuriorque
499 1913 579 1985 glorie
594 1919 634 1969 est
651 1914 718 1969 inter
734 1914 814 1970 bonos
831 1933 913 1970 mores
930 1917 957 1969 et
974 1916 1002 1969 in
1019 1913 1088 1969 obse

280 1990 390 2062 equium
403 1990 513 2062 regentis
526 1998 634 2060 puratos.
670 1989 741 2052 Quid
757 1990 825 2046 enim
840 2008 904 2061 opus
916 1995 956 2045 est
967 1990 1050 2062 longis
1061 1991 1089 2045 in

305 2071 394 2122 senatu
411 2069 553 2133 sententiis,
571 2085 629 2123 eum
645 2067 735 2140 optimi
751 2067 802 2122 eito
823 2067 1000 2122 consentiunt?
1019 2065 1089 2126 Quid

304 2144 390 2197 multis
409 2143 476 2212 eprrd
493 2143 614 2216 poprdum
637 2143 808 2209 nonnionibus,
830 2161 888 2199 eum
907 2142 939 2198 de
962 2142 1090 2215 republieu

304 2238 355 2275 uon
367 2220 476 2291 imperiti
493 2226 519 2276 et
534 2220 610 2276 multi
624 2219 772 2288 deliberent,
788 2219 834 2275 sed
850 2219 1049 2290 sapientissimus
1062 2227 1089 2276 et

305 2299 391 2352 uuus?
416 2297 486 2357 Quid
503 2297 651 2352 voluntariis
668 2295 877 2363 decusationibus,
894 2313 952 2352 eum
967 2300 1020 2351 term
1032 2315 1089 2354 raro

304 2381 330 2428 et
342 2379 394 2428 tem
406 2392 480 2444 peree
492 2377 626 2445 peeeetnr?
644 2374 715 2434 Quid
726 2372 856 2430 invidiosis
868 2376 894 2427 et
907 2372 1087 2430 exoedeutibus

304 2449 404 2504 modum
421 2449 614 2517 defensionibus,
632 2468 690 2504 cum
709 2449 843 2506 elementis
858 2451 1033 2520 eognoseeutis
1045 2449 1088 2506 ob·

280 2527 368 2582 bviam
387 2526 586 2596 periclitantibus
603 2527 664 2581 eut?
683 2525 793 2592 Credite,
811 2525 901 2596 optimi
916 2529 951 2593 et,
968 2525 995 2580 in
1011 2543 1088 2598 quen-

303 2606 358 2657 tum
382 2620 445 2674 opus
468 2609 515 2667 est,
541 2601 700 2658 disertissimi
721 2602 777 2668 viri,
795 2601 817 2658 si
834 2604 880 2656 ent
897 2619 943 2656 vos
963 2601 1088 2672 prioribus

304 2678 394 2734 seculis
410 2683 455 2733 nul
472 2678 516 2734 isti
532 2696 595 2751 quos
610 2678 731 2734 miremur
745 2679 786 2734 his
802 2677 856 2732 neti
872 2681 966 2744 essent,
985 2677 1087 2734 sedern

304 2756 392 2827 uliquis
409 2755 474 2810 vites
490 2772 520 2810 eo
537 2758 623 2810 vestre
636 2760 751 2826 tempore
769 2757 874 2825 repente
891 2754 1026 2821 mutisset,
1042 2772 1088 2810 nee
1122 2800 1126 2809 .

304 2833 373 2886 vobis
386 2850 483 2887 summu
494 2831 537 2886 ille
547 2831 601 2886 lnus
614 2835 640 2886 et
653 2832 732 2903 glorie
746 2832 773 2887 in
788 2831 932 2904 eloquentie
946 2848 1029 2904 neque
1039 2829 1087 2886 illis
1119 2820 1139 2979 q

280 2909 392 2963 unsodus
410 2912 437 2963 et
453 2911 682 2978 oempermuentum
699 2908 828 2965 defuisset.
865 2907 949 2974 Nune,
972 2906 1088 2982 quonium

304 3003 376 3040 uerno
389 2984 476 3040 eodem
487 2988 601 3058 tempure
619 2987 721 3062 sesequi
731 2983 1088 3062 msetmgumnmmes
1136 2982 1146 3046 'l
