2575 3592
189 486 207 523 Δ
226 482 246 521 D
263 481 304 531 w]
360 418 611 467 HISTORIARUM
629 418 676 466 1v.
692 419 795 466 83-86.
934 420 982 465 ala

191 532 232 589 dei
250 532 417 587 celeberrima
452 532 510 587 Nec
527 549 583 586 sum
601 531 705 603 ignarm
726 548 782 584 esse
800 528 921 601 quosdam
939 529 1004 600 quic

190 609 310 675 Seleucia,
321 608 383 664 urbe
396 610 482 680 Syria,
493 608 610 674 accitum,
620 612 743 681 regnante
752 607 897 674 Ptolemao,
907 625 983 677 quem

188 687 266 743 tertia
286 690 347 741 actas
367 686 443 753 tulit;
470 686 512 740 alii
531 690 660 741 auctorem
680 685 788 741 eundem
808 684 981 748 Ptolemaeum,

189 764 274 821 sedem
292 782 324 819 er
340 783 390 835 qna
406 763 536 818 transierit
554 764 694 834 Memphim
711 762 851 833 perhibent,
870 761 982 815 inclitam

189 842 248 897 olim
265 845 291 895 et
307 842 401 897 veteris
419 840 528 912 AEgppti
544 840 667 895 columen.
705 842 790 894 Deum
807 840 889 910 ipsum
908 837 1005 892 multi?

188 918 372 989 AEsculapium,
389 918 456 990 quod
472 917 603 972 medeatur
621 918 695 989 aegris
711 917 864 988 corporibus,
882 914 984 988 qnidam

190 996 283 1061 Osirin,
307 995 510 1067 antiquissimum
534 995 582 1049 illis
606 994 726 1067 gentibus
747 1012 848 1058 numen,
870 993 984 1063 plerique

189 1074 287 1139 lovem,
309 1077 340 1127 ut
363 1091 448 1127 rerum
473 1072 584 1127 omnium
608 1077 747 1143 potentem,
771 1070 874 1142 plurimi
895 1070 985 1124 Ditem

189 1155 296 1223 patrem,
322 1148 464 1221 insignibus
489 1168 545 1221 quse
570 1150 597 1204 in
621 1150 678 1220 ipso
702 1148 843 1213 manifesta,
869 1152 914 1201 aut
938 1166 984 1218 per

190 1228 309 1299 ambages
322 1231 474 1297 conjectant.

225 1308 262 1360 At
275 1304 437 1359 Domitianus
449 1303 644 1375 Mucianusque,
657 1307 790 1375 antequam
807 1300 915 1373 Alpibus
926 1319 984 1371 pro
992 1301 1028 1355 85

190 1382 351 1454 pinqnarent,
364 1400 497 1452 prosperos
509 1400 594 1435 rerum
606 1382 633 1435 in
645 1382 761 1439 Treveris
778 1385 907 1451 gestarum
920 1398 984 1433 nun-

190 1460 242 1513 tios
266 1477 392 1529 accepere.
429 1459 560 1528 Praecipua
582 1459 694 1513 victorico
714 1458 776 1513 fides
800 1457 853 1511 dux
872 1457 1007 1510 hostium2

191 1536 352 1601 Valentinus,
376 1554 534 1607 nequaquam
558 1535 657 1606 abjecto
681 1535 771 1600 inimo,
792 1552 856 1606 quos
880 1533 985 1604 spiritus

192 1614 321 1685 gessisset,
335 1612 408 1667 vultu
423 1613 527 1668 ferebat.
564 1612 676 1667 Auditus
690 1613 748 1667 ideo
761 1617 869 1677 tantum,
882 1615 913 1665 ut
928 1620 1007 1665 nos-3

192 1694 294 1747 caretur
308 1690 438 1761 ingenium
454 1693 518 1761 ejus,
535 1690 726 1761 damnatusque,
742 1690 809 1744 inter
825 1690 908 1760 ipsum
926 1706 986 1757 sup-

191 1768 294 1839 plicium
313 1768 476 1838 exprobranti
492 1767 589 1822 cuidam
608 1768 714 1837 patriam
728 1771 783 1837 ejus
801 1771 908 1837 captam,
922 1768 983 1819 “ac

192 1845 276 1915 cipere
295 1862 322 1899 se
338 1844 457 1899 solatium
478 1845 583 1899 mortis''
605 1844 743 1916 respondit.
781 1844 830 1899 Sed
849 1844 1009 1898 Mucianust

193 1921 262 1993 quod
271 1921 315 1975 dlu
324 1922 503 1985 occultaverat,
513 1928 542 1975 ut
551 1940 638 1977 recens
648 1922 819 1993 exprompsit:
840 1926 857 1949 ‘⁴
868 1920 986 1991 quoniam

192 1998 350 2069 benignitate
371 1997 446 2053 deum
467 1998 553 2054 fracte
571 1999 684 2054 hostium
700 2000 767 2053 viras
784 1999 876 2063 forent,
897 2015 988 2068 parum

195 2075 285 2129 decore
298 2076 480 2141 Domitianum,
493 2076 609 2131 confecto
621 2094 700 2147 prope
714 2076 789 2143 bello,
801 2075 888 2129 aliena
900 2074 988 2145 gloria

195 2152 405 2207 interventurum.
443 2152 469 2207 Si
487 2157 569 2207 status
585 2153 685 2223 imperii
702 2157 747 2206 aut
763 2151 831 2206 salus
849 2150 1009 2206 Galliarum

194 2228 223 2283 in
247 2227 391 2284 discrimine
415 2234 565 2295 verteretur,
587 2230 705 2285 debuisse
730 2229 857 2282 Caesarem
881 2227 910 2280 in
934 2226 988 2281 acie

195 2310 279 2361 stare:
299 2305 478 2361 Canninefates
496 2306 658 2379 Batavosque
673 2305 811 2361 minoribus
827 2303 933 2359 ducibus
945 2303 990 2359 de·

194 2380 325 2453 legendos.
362 2383 421 2453 lpse
434 2383 555 2455 Lugduni
573 2384 624 2438 vim
637 2383 814 2453 fortunamque
832 2382 1010 2453 principatns6

195 2459 337 2531 eproximo
353 2464 501 2528 ostentaret,
514 2479 561 2515 uec
577 2460 662 2531 parvis
673 2458 792 2531 periculis
810 2459 948 2524 immixtus,
962 2464 989 2513 et

195 2536 335 2607 majoribus
351 2556 403 2591 uon
417 2537 577 2592 defuturus.'’
613 2536 826 2607 intelligebantur
843 2542 925 2603 artes;
945 2536 989 2591 sed
998 2538 1034 2593 86

196 2631 255 2685 pars
275 2614 390 2685 obsequii
410 2614 437 2668 in
457 2634 495 2681 eo,
515 2634 548 2669 ne
567 2614 821 2686 deprehenderentur.
857 2614 901 2669 Ita
918 2614 990 2683 Lug-

196 2691 294 2747 dunum
313 2697 426 2748 ventum.
463 2693 539 2749 Unde
563 2693 676 2749 creditur
699 2693 860 2748 Domitianus
883 2692 990 2747 occultis

197 2768 230 2823 ad
247 2768 370 2825 Cerialem
385 2770 481 2825 nuntiis
497 2770 572 2825 fidem
589 2774 644 2840 ejus
661 2770 806 2835 tentavisse,
824 2789 856 2823 an
871 2768 990 2839 praesenti

197 2846 246 2901 sibi
273 2848 411 2901 exercitum
438 2848 621 2919 imperiumque
646 2846 788 2901 traditurus
814 2847 888 2900 foret.
931 2845 1013 2903 Quas

197 2922 353 2995 cogitatione
365 2922 457 2979 bellum
471 2923 590 2979 adversus
607 2932 705 2996 patrem
723 2923 866 2995 agitaverit,
882 2940 915 2975 an
930 2939 991 2991 opes

197 3001 317 3071 viresque
329 2999 450 3057 adversus
462 3002 574 3068 fratrem,
587 3002 614 3056 in
622 3002 720 3057 incerto
731 3001 797 3055 fuit:
815 3018 874 3053 narn
886 2997 991 3053 Cerialis
