2575 3592
307 436 368 484 294Δ
632 433 781 483 uncinus

306 547 329 600 si
340 545 439 617 quando
450 563 551 600 neccsse
563 545 596 599 sil
607 565 653 616 pro
664 546 823 615 periclitante
832 545 913 600 amico
922 545 1096 616 potentianam

307 642 379 678 aures
388 622 520 687 offendere,
529 627 555 676 et
567 623 673 692 probata
681 624 715 677 sit
727 623 788 678 fides
798 628 824 677 et
833 623 936 678 libertas
949 623 1094 677 excusata.’'

262 695 295 749 ll
341 701 474 760 Quacum
490 699 596 752 dixisset
609 703 678 769 Aper
693 700 782 764 acrius,
796 705 825 754 ut
842 699 944 763 solebat,
958 704 984 753 et
995 700 1096 754 intento

306 795 358 840 ore,
365 777 483 831 remissus
491 782 517 829 et
525 775 656 829 subridens
666 776 808 838 Maternus,
816 777 994 840 “Potentem'’
1003 775 1095 846 inquit,

307 856 323 884 “
330 872 369 908 ure
380 853 525 908 non'minus
538 851 582 906 diu
593 869 711 906 accusare
723 856 835 907 oratores
847 871 922 924 quam
932 853 1000 922 Aper
1011 853 1097 907 lauda-

307 934 377 984 verat
395 930 460 999 (lore
477 930 544 983 enirn
561 929 700 984 arbitrabar
717 936 747 982 ut
764 947 781 982 a
793 929 936 984 laudatione
953 947 1040 984 eorum
1057 930 1097 985 di·
1142 933 1143 936 ’

307 1025 408 1078 gressus
432 1005 584 1060 detrectaret
607 1011 697 1075 poetas
721 1011 797 1076 atque
821 1007 958 1062 carminum
982 1007 1095 1062 studium

307 1084 496 1154 prosterneret)
510 1087 564 1137 arte
576 1083 683 1154 quadam
695 1083 829 1154 mitigavit,
839 1083 997 1138 concedendo
1009 1083 1039 1138 iis
1051 1085 1096 1154 qui
1142 1107 1143 1126 r

284 1167 395 1215 2cansas
415 1178 490 1231 agere
513 1178 564 1214 non
587 1165 699 1229 possent,
721 1165 751 1214 ut
773 1179 862 1215 versus
883 1161 1001 1216 lacerent.
1037 1160 1095 1230 Ego
1142 1205 1143 1214 ,

308 1242 393 1291 autern
413 1238 479 1292 siout
496 1237 524 1290 in
540 1236 622 1292 causis
640 1236 744 1307 agendis
764 1237 860 1292 efficere
878 1237 971 1308 aliquid
989 1241 1015 1292 et
1033 1237 1096 1291 eniti

307 1314 416 1368 fortasse
430 1332 542 1385 possam,
553 1314 590 1368 ita
601 1314 749 1368 recitatione
765 1314 943 1385 tragediarum
955 1319 982 1368 et
996 1314 1097 1385 ingredi

308 1391 401 1445 lamam
413 1392 556 1462 auspicatus
572 1408 636 1454 sum,
650 1409 705 1444 cnm
722 1391 821 1462 quidem
837 1391 865 1444 in
876 1391 893 1461 †
905 1391 1033 1446 Neronem
1048 1391 1097 1444 im-

308 1467 413 1538 probam
424 1473 451 1522 et
463 1467 603 1522 studiorum
617 1485 716 1538 quoqne
729 1485 798 1522 saera
812 1468 986 1538 profanantem
998 1467 1097 1522 Vatinii

309 1545 449 1614 potentiam
466 1544 545 1616 fregi:
564 1547 591 1598 et
607 1543 682 1598 bodie
700 1543 722 1598 si
739 1543 800 1615 quid
817 1545 843 1598 in
860 1545 932 1599 nobis
951 1544 1048 1599 notitia
1066 1562 1098 1600 ac
1142 1547 1143 1600 J

308 1621 416 1675 nominis
428 1625 475 1686 est,
489 1620 569 1692 magis
586 1621 694 1675 arbitror
710 1621 846 1675 carminum
864 1641 937 1692 qnam
955 1622 1097 1676 arationum
1142 1655 1143 1694 j

286 1698 389 1769 agloria
400 1703 508 1768 partum.
544 1700 583 1751 Ac
596 1698 649 1768 jam
665 1715 705 1751 me
722 1697 858 1768 dejungere
875 1717 890 1752 a
906 1698 998 1752 lorensi
1011 1697 1098 1753 labora

309 1774 438 1838 constitui,
451 1793 498 1828 nec
513 1775 647 1828 comitatus
663 1774 726 1827 istos
742 1778 769 1828 et
785 1793 901 1846 egressus
919 1779 963 1828 aut
979 1775 1098 1844 frequen-

309 1851 371 1905 tiam
384 1851 563 1904 salutationum
580 1851 736 1921 concupisco,
754 1869 806 1904 non
817 1853 897 1923 magis
913 1871 987 1923 quam
1004 1869 1053 1906 aera
1069 1856 1097 1906 et
1142 1861 1143 1918 ξ

309 1927 437 1998 imagines,
454 1945 510 1997 quae
530 1927 607 1981 etiam
625 1945 665 1980 me
684 1927 785 1980 nolente
802 1927 829 1981 in
846 1927 947 1982 domum
964 1945 1043 1981 meam
1062 1927 1098 1980 ir-
1142 1969 1143 1980 ,

285 2013 439 2074 erumpunt.
475 2003 541 2057 Nam
561 2008 657 2057 statum
672 2003 802 2074 hucusque
819 2022 849 2058 ac
865 2005 1027 2060 securitatem
1043 2021 1098 2058 me-
1142 2023 1143 2028 ¹

309 2080 358 2134 lius
375 2081 519 2134 innocentia
539 2083 613 2134 tneor
632 2097 708 2150 quam
724 2079 881 2150 eloquentia3
899 2099 946 2136 nec
962 2097 1049 2134 vereor
1063 2099 1098 2136 ne

308 2157 371 2212 milri
386 2175 496 2228 nuquam
514 2157 594 2211 verba·
607 2157 633 2211 in
651 2160 742 2211 senatu
762 2157 811 2211 nisi
829 2175 874 2228 pro
891 2158 995 2213 alterius
1010 2157 1098 2214 discri-
1142 2157 1143 2212 4

308 2234 572 2289 minefaciendasint.
614 2286 617 2292 ,
1142 2233 1143 2244 ’

265 2308 301 2363 12
345 2311 480 2365 “Nemora
491 2329 550 2364 vero
562 2314 588 2364 et
599 2309 649 2366 luci
662 2314 688 2364 et
700 2313 825 2364 secretum
841 2311 933 2379 ipsum,
946 2310 1013 2381 quod
1025 2312 1097 2381 Aper

308 2386 460 2457 increpabat,
479 2391 577 2440 tantam
595 2387 662 2440 mihi
674 2387 782 2441 afferunt
800 2387 964 2456 voluptatem,
983 2395 1013 2441 ut
1031 2389 1099 2442 inter
1142 2427 1143 2452 ,

308 2465 449 2532 precipuos
470 2464 607 2518 carminum
627 2463 728 2518 fractus
751 2481 888 2527 numerem,
911 2463 978 2534 quod
1001 2481 1048 2518 nee
1071 2465 1094 2525 ir
1142 2469 1143 2520 l

310 2540 426 2608 strepitu,
444 2557 491 2594 neo
508 2541 612 2593 sedente
628 2545 688 2593 ante
705 2540 798 2594 ostium
817 2541 951 2610 litigatore,
967 2559 1013 2595 nee
1030 2541 1099 2596 inter
1142 2529 1143 2576 l

311 2615 397 2670 sordes
418 2634 448 2670 ac
468 2616 581 2670 lacrimas
602 2634 702 2669 reorum
723 2623 914 2687 componuntur,
935 2617 981 2671 sed
1001 2617 1100 2674 secedit
1142 2629 1143 2660 ³

310 2693 406 2747 animus
418 2693 445 2746 in
456 2691 511 2746 loca
521 2710 585 2762 pura
593 2697 670 2762 atque
681 2693 830 2758 innocentia,
841 2694 984 2764 fruiturque
996 2694 1100 2750 sedibus

285 2770 394 2824 2sacris.
431 2769 495 2822 Haec
504 2767 653 2838 eloquentiae
662 2769 803 2838 primordia,
813 2771 868 2824 lraeo
877 2770 1031 2840 penetralia;
1050 2771 1100 2826 lroc
1142 2773 1143 2838 l

310 2848 418 2917 primum
441 2845 530 2900 habitu
550 2845 671 2915 cultuque
689 2846 818 2900 commoda
839 2847 988 2900 mortalibus
1009 2847 1035 2900 in
1056 2847 1101 2902 illa
1142 2839 1143 2906 l

310 2927 380 2976 casta
391 2927 417 2977 et
432 2921 507 2976 nullis
519 2926 636 2975 contacta
652 2921 720 2976 vitiis
736 2929 839 2991 pectora
854 2924 972 2987 inlluxit;
991 2923 1027 2976 sic
1043 2941 1101 2976 ora·
1142 2925 1143 2992 i

309 2999 367 3054 cula
377 2999 550 3070 loquebantur.
585 2997 652 3052 Naar
669 2997 774 3054 lucmsae
791 3003 867 3071 bujus
879 3006 906 3056 et
922 3001 1099 3072 sanguinantis
1142 3013 1143 3078 p
