2575 3592
302 404 348 452 19⁰
508 438 511 443 -
637 402 756 453 Tacffl

934 466 1096 517 [auena

301 510 444 585 aliquando,
463 514 507 567 aut
523 512 660 579 erroribus,
675 514 789 580 inminui,
807 514 947 581 translmi,
965 516 1097 575 desinere:

300 608 375 645 suum
389 590 479 661 cuique
495 590 643 662 sauguinem
658 591 831 660 indiseretnm,
843 590 888 647 sed
903 593 1014 649 maxime
1026 595 1099 649 Prin-

300 666 414 738 oipibus:
432 686 539 739 quorum
552 668 681 739 prosperis
699 674 726 724 et
741 669 783 724 alii
800 670 926 738 fruantur,
941 669 1052 727 adversa
1066 672 1098 726 ad

279 743 470 816 ajunotissimos
494 745 644 816 pertineant.
682 746 724 801 Ne
753 746 874 802 iratribus
893 746 1002 818 quidem
1031 767 1098 803 marr-
1137 761 1139 820 l

302 839 387 875 suram
410 820 574 887 concordiam,
600 823 627 877 ni
650 841 740 893 parens
764 824 907 895 exemplum
935 825 1096 895 prebuisset.

302 898 481 969 Vespasianus,
502 898 571 953 hand
590 918 661 971 eque
685 901 832 955 Domitiano
855 901 997 971 mitigatus,
1022 920 1097 973 qnam

302 974 355 1030 Titi
372 975 466 1045 pietate
484 976 606 1047 gaudens,
624 977 690 1032 bono
708 996 765 1033 esse
782 978 866 1032 animo
879 978 963 1048 jabet,
981 978 1099 1050 belloque

302 1055 329 1106 et
341 1051 417 1107 umis
429 1052 621 1123 Rempublioam
633 1054 765 1109 attollere:
785 1054 834 1110 sibi
845 1072 933 1125 paoem
945 1055 1098 1127 domumque

280 1135 369 1183 doure
381 1128 442 1183 iore.
477 1128 541 1183 liam
558 1130 703 1185 oelerrimas
716 1132 826 1197 navium,
839 1132 967 1186 dumento
982 1138 1098 1195 onustas,

302 1222 369 1259 sevo
390 1204 472 1261 adhue
487 1206 551 1261 mari
567 1208 711 1262 committit.
748 1209 848 1280 Quippe
862 1213 935 1263 tanto
953 1208 1098 1263 diserimm

301 1282 364 1337 urbs
380 1282 495 1347 nutabat,
512 1286 543 1337 ut
561 1282 648 1337 deoem
662 1284 730 1339 haud
744 1285 851 1356 amplius
868 1284 967 1340 dierum
988 1286 1101 1340 inmaeu-

302 1362 359 1414 tum
380 1359 408 1413 in
427 1360 524 1416 horreis
544 1360 629 1427 fuerit,
652 1380 710 1417 eum
729 1380 744 1417 a
765 1362 924 1434 Vespasiano
943 1370 1098 1418 commeatus

303 1436 451 1493 subvenere.

260 1518 297 1573 53
338 1514 432 1569 Curam
446 1512 598 1569 restituendi
612 1515 724 1587 capitolii
739 1517 767 1571 in
786 1517 819 1571 L.
831 1516 968 1572 Vestinum
990 1517 1098 1580 oouiert,

305 1591 440 1663 Equestris
453 1590 548 1647 ordinis
565 1591 655 1658 virum,
669 1593 714 1648 sed
731 1593 884 1649 auctoritate
901 1593 1021 1665 famaque
1032 1594 1101 1649 inter

303 1685 427 1740 prooeres.
469 1668 510 1722 Ab
533 1686 563 1723 eo
588 1671 713 1725 eonuaoti
736 1671 894 1742 Haruspices
915 1688 1049 1738 monuere,
1072 1674 1100 1725 ut

303 1744 415 1815 reliquie
433 1744 524 1815 prioris
545 1744 643 1803 delubri
663 1747 691 1801 in
709 1747 815 1818 paludes
834 1747 1020 1802 eveherentur:
1038 1752 1102 1803 tenr-

304 1820 374 1892 plum
391 1820 480 1875 iisdem
498 1822 612 1893 vestigiis
631 1823 772 1879 sisteretur.
809 1824 885 1879 Nolle
905 1825 984 1889 Deos,
1006 1825 1103 1879 mutari

283 1901 416 1952 treterem
434 1899 548 1953 formam.
585 1899 727 1956 Undeoimo
746 1901 804 1956 Kal.
817 1902 907 1965 Juliss,
930 1919 1022 1956 serens
1046 1902 1103 1957 luae

305 1972 416 2045 spatium
431 1992 512 2039 omne,
525 1974 593 2046 quod
609 1978 705 2047 templo
722 1978 861 2045 dicabatur,
877 1978 1008 2033 enarum
1027 1979 1102 2033 vittis

305 2050 462 2121 sororisque.
500 2052 612 2123 Ingressi
629 2054 730 2119 milites,
744 2056 801 2127 quis
817 2056 903 2110 fausta
919 2055 1032 2114 nomina.
1044 2056 1102 2110 feli·

306 2127 377 2183 nibus
389 2128 472 2183 ramis
508 2128 577 2183 Dein
591 2130 703 2201 virgines
720 2132 845 2200 Vestales,
857 2151 916 2188 oum
930 2132 1019 2203 pneris
1030 2133 1104 2203 puel·

305 2203 387 2276 lisque
410 2205 525 2276 patrimis
548 2206 731 2280 matrimisque,
755 2226 828 2280 aqua,
852 2209 918 2263 vivis
941 2227 956 2263 e
984 2209 1103 2264 fontibus

285 2281 471 2354 tamnibusque
482 2283 582 2349 hausta,
595 2284 718 2353 perluere.
753 2286 820 2340 llam
834 2284 971 2340 Helvidius
987 2286 1102 2351 Priasus,

306 2358 412 2425 Pastor,
433 2364 561 2430 preeunte
580 2360 683 2416 Plautio
706 2362 814 2427 AEliano,
836 2362 968 2428 Pontifioe,
992 2362 1104 2417 lustrata

307 2436 519 2492 suovetaurilibus
540 2454 599 2491 area
619 2446 646 2492 et
667 2456 743 2510 saper
762 2440 884 2509 cespitem
901 2438 1008 2494 redditis
1025 2442 1103 2507 extis,

306 2509 325 2563 J
325 2526 406 2574 ovem,
417 2512 435 2565 J
435 2530 552 2579 ursonem,
566 2514 717 2584 Minervam,
729 2515 896 2588 presidesqne
912 2516 1019 2587 Imperii
1031 2518 1103 2572 Deos

308 2589 433 2656 precatus,
446 2589 486 2643 uti
498 2594 581 2661 ooepta
592 2598 778 2663 prosperarent,
789 2593 912 2666 sedesque
923 2611 991 2658 suas,
1005 2594 1103 2665 pietate

307 2661 437 2716 hominum
448 2662 585 2732 inchoatas,
599 2668 694 2723 Divina
705 2686 753 2740 ope
764 2670 926 2736 attollerent3
944 2671 1034 2736 vittas,
1043 2672 1103 2743 qais

286 2737 402 2809 tligatus
419 2737 490 2808 lapis,
509 2740 644 2814 innexique
668 2745 742 2800 funes
760 2751 841 2812 erant,
866 2746 983 2819 eontigit.
1020 2748 1105 2803 Simul

308 2814 394 2868 oaeteri
406 2814 573 2884 Magistratus
592 2824 618 2874 et
635 2821 784 2877 Sacerdotes
800 2828 827 2879 et
845 2824 954 2880 Senatus
971 2828 1000 2879 et
1014 2825 1105 2898 Eques

309 2893 337 2977 et
348 2907 439 2961 magna
449 2908 507 2961 pars
520 2895 613 2963 populi,
632 2898 718 2952 studio
735 2898 874 2973 letitiaqus
889 2901 1105 2968 nordmannis

310 2982 400 3035 mgsus
411 2971 519 3025 traxere
549 2970 698 3046 Passimqne
708 2976 808 3048 injecto
818 2979 991 3036 fandmenfis
1002 2981 1105 3053 ”genti
