2575 3592
199 470 218 505 A
236 465 257 505 D
273 466 316 515 ω]
381 403 634 453 HISTORIARUM
653 404 688 454 ΙΙ.
707 406 810 457 70-76.
960 410 989 457 91

233 516 286 569 Vix
297 513 416 569 credibile
428 520 570 570 memoratu
585 520 626 571 est
637 520 761 588 quantum
773 516 896 589 superbire
909 534 993 573 secor-
1000 522 1036 582 78
1063 541 1065 560 ι

197 592 298 661 direque
306 592 410 646 Vitellio
417 592 563 658 adoleverit,
573 600 706 665 postquam
716 595 994 667 speculatoreseSyrie

196 668 337 739 Judceaque
352 669 470 724 adactum
486 672 515 724 in
527 670 607 725 rerba
621 672 676 741 ejus
692 671 823 727 Orientem
835 672 991 727 nuntiavere.

196 746 267 801 Nam
279 746 329 801 etsi
341 746 413 818 ragis
424 746 508 801 adhuc
519 751 546 801 et
557 747 661 803 incertis
674 748 827 817 auctoribus,
840 754 895 805 erut
906 756 1014 805 tament

194 822 225 878 in
242 841 286 877 ore
301 823 419 894 famaque
436 824 615 893 Vespasianus,
633 843 663 880 ac
679 826 827 897 plerumque
847 826 879 881 ed
899 844 992 881 nomeu

195 900 254 971 ejus
267 900 389 955 Vitellius
406 900 573 955 excitabatur.
608 902 675 957 'llum
692 902 747 973 ipse
764 904 948 975 exercitusque,
961 906 992 960 ut

195 977 270 1032 nullo
286 977 385 1046 emole,
403 977 508 1045 sevitia
525 977 638 1044 libidine,
651 979 765 1050 rsptnin
779 985 897 1037 externos
909 998 991 1037 mores

195 1058 374 1125 proruperant
408 1056 447 1109 At
457 1054 631 1126 Vespasianus
647 1054 740 1113 bellum
758 1075 885 1129 armoque,
897 1064 923 1113 et
935 1058 1036 1129 pro-rr

194 1131 239 1186 oul
255 1131 297 1186 vel
310 1131 386 1202 juxte
399 1131 463 1186 sitas
479 1132 555 1197 vires,
574 1132 813 1202 circumspectabat.
848 1134 925 1189 Miles
941 1134 991 1205 ipsi

195 1207 259 1262 adeo
282 1210 394 1277 perotus,
417 1213 450 1263 ut
468 1213 625 1277 preeuntem
645 1214 840 1277 sacramentum,
858 1215 885 1269 et
906 1212 991 1267 fausta

194 1284 393 1340 Vitellioomnie
403 1285 751 1356 precantemperoileutium
761 1286 894 1343 audierint.
930 1288 1012 1343 Mor

195 1361 263 1415 eiam
274 1362 371 1416 animus
382 1380 429 1417 nec
437 1362 594 1433 Vespasiano
602 1362 699 1417 alienus
711 1362 772 1419 etiu
783 1363 870 1419 'litum
879 1364 988 1434 pronior.

195 1437 339 1492 Prmleotus
358 1437 465 1509 AEgypti
491 1439 533 1493 Τι’.
545 1438 691 1495 Alexander
713 1440 817 1495 consilis
840 1441 989 1497 sociaverat.

195 1514 309 1570 'l'ertiem
325 1514 455 1585 legionem,
469 1514 563 1586 quode
576 1516 649 1587 syna
666 1516 693 1570 in
709 1516 826 1572 Moesiam
843 1518 987 1585 transisset,

194 1609 268 1646 suam
291 1591 446 1648 numerabat.
481 1592 587 1647 (latere
610 1592 708 1663 Illyrici
728 1592 840 1664 legiones
864 1598 1011 1651 seeuturoet

193 1668 377 1740 sperabantur3
412 1686 521 1740 numque
550 1687 638 1724 omues
661 1670 787 1726 exercitus
817 1670 988 1727 flammaverat

192 1747 340 1819 arrogantia
355 1746 511 1801 venientium
527 1765 544 1801 a
560 1746 667 1804 Vitellio
687 1747 805 1813 militum,
818 1747 885 1821 quod
901 1752 987 1807 truces

192 1842 307 1895 corpore,
319 1823 416 1878 horridi
427 1842 549 1891 sermone,
561 1827 667 1880 ceteros
678 1828 709 1879 ut
721 1824 828 1896 impares
840 1826 986 1885 irridebmt.

192 1901 244 1956 Sed
255 1902 283 1955 iu
293 1905 368 1956 tante
378 1900 444 1956 mole
455 1900 515 1956 belli
526 1900 675 1972 plerumque
687 1903 816 1957 cunetatio
827 1914 840 1968 ς·
852 1906 878 1959 et
890 1904 1012 1975 Vespa-4

191 1979 287 2044 siamus,
299 1978 375 2033 modo
392 1978 505 2049 inopem
520 1981 628 2044 erectus,
646 1978 779 2049 aliquando
794 1979 899 2037 adverse
913 1999 986 2052 repu-

190 2054 265 2109 tabat
274 2060 332 2109 :-“
340 2054 407 2115 erio
414 2054 456 2109 ille
465 2054 520 2110 dieo
527 2054 602 2120 toret,
612 2072 663 2126 quo
673 2056 805 2127 sexaginta
814 2057 897 2113 etatis
907 2075 986 2113 anuos

190 2135 219 2185 st
231 2130 296 2185 duos
307 2132 372 2187 lilios
385 2132 492 2202 juvenes
507 2130 574 2187 bello
590 2132 772 2202 permitteret?
798 2133 864 2188 Esse
879 2134 986 2203 privatis

190 2207 389 2279 cogitationibus
400 2226 570 2279 progressum,
580 2214 607 2263 et
616 2216 693 2280 prout
705 2210 791 2275 velint,
802 2210 859 2281 plus
871 2210 986 2269 minuere

189 2285 259 2340 sumi
273 2303 306 2340 ex
322 2285 442 2339 fortune:
462 2284 597 2355 imperium
614 2286 776 2356 cupientibus
793 2286 858 2341 nihil
875 2286 985 2343 medium

187 2363 259 2417 inter
277 2380 375 2417 summa
390 2366 435 2417 aut
448 2362 612 2432 precipitia”
648 2363 806 2419 Versabatur
822 2368 881 2417 aute
898 2364 1028 2423 oeuloslb

188 2438 336 2498 Germanici
354 2439 481 2494 exereitus
496 2438 581 2504 robur,
600 2444 690 2495 notum
708 2440 763 2495 viro
781 2440 900 2495 militari:
925 2460 984 2499 suus

188 2515 302 2586 legiones
330 2516 397 2571 civili
420 2516 487 2571 bello
509 2516 662 2587 inexpertas,
687 2516 786 2573 Vitellii
808 2518 933 2587 victrices,
957 2524 984 2575 et

190 2592 259 2661 apud
270 2594 352 2649 victos
363 2592 421 2663 plus
433 2593 645 2663 querimoniarum
658 2612 734 2665 quam
742 2594 842 2651 virium.
876 2594 1006 2656 Plurimi

189 2686 237 2739 per
257 2668 395 2725 discordias
421 2669 530 2724 militum
556 2670 639 2736 fidem,
664 2676 691 2727 et
714 2671 854 2743 perieulum
878 2691 910 2727 ex
933 2674 984 2729 siu-

190 2745 273 2815 gulis:
292 2746 352 2817 quid
368 2746 436 2801 enim
452 2746 598 2817 profuturas
614 2748 732 2803 cohortes
752 2749 861 2819 eiusque,
875 2749 898 2804 ri
915 2766 984 2803 unus

190 2822 305 2893 alterque
327 2824 448 2894 praesenti
470 2823 577 2878 facinori
599 2828 717 2895 paratum
741 2842 773 2880 ex
796 2825 897 2879 diverso
920 2843 984 2894 prae-

188 2900 271 2955 mium
296 2902 387 2971 petetl
418 2900 460 2955 Sic
484 2900 675 2956 Scribonianum
705 2901 752 2956 rub
777 2899 882 2956 Claudio
905 2900 1006 2961 iuter-3

188 2978 303 3044 iectum3
328 2978 365 3036 sie
382 2995 556 3048 percussorem
574 2977 629 3048 ejus
650 2976 812 3049 Voluginium
832 2993 847 3029 e
866 2975 984 3048 gregario
