2575 3592
184 500 212 538 ι
222 498 242 536 D
258 497 284 537 ω
349 433 598 484 HISTORIARUM
614 434 667 484 III.
686 436 787 483 41-45.
923 436 967 482 1³1

183 566 197 602 s
291 498 383 602 lntins
398 549 425 602 at
435 547 518 603 tribus
535 546 629 612 amieis,
645 544 754 600 totidem
769 543 966 610 eentiirioni'bus,

181 623 217 679 ad
232 641 310 678 naras
326 624 480 695 regreditnr3
502 624 608 678 Maturo
624 622 772 693 esterisqua
791 638 919 676 remanere
940 624 967 676 et

180 701 210 756 in
221 698 299 755 rerba
309 699 459 771 Vespasiani
470 700 540 772 adigi
550 698 692 755 volentibus
704 698 761 753 fuit.
798 697 925 753 Ceterum
936 701 989 755 uti

180 794 252 832 mare
268 776 351 832 tutius
368 776 472 832 Valenti
489 795 564 848 quani
581 776 657 831 litora
672 780 718 830 aut
732 773 817 840 urbes,
835 774 872 829 ita
887 774 969 829 iutiini

181 853 324 924 ambiguus,
348 856 375 908 at
398 852 479 924 magis
503 852 564 924 qnid
585 853 679 907 ritaret
708 870 784 923 quani
811 851 853 907 eui
879 850 968 907 fideret

182 933 279 995 eertus,
297 929 403 985 adversa
419 933 570 1000 tempestate
593 928 747 994 Stoeuhadas,
771 927 969 982 Massiliensium

180 1006 285 1071 insulas,
298 1006 404 1061 affertur
446 1005 489 1061 Ibi
503 1024 562 1061 enm
577 1006 688 1063 missua
703 1004 810 1060 Paulino
824 1004 969 1061 Iiiburniete

181 1100 339 1155 oppressere.

222 1160 306 1231 Capto
329 1158 439 1214 Valente
461 1161 553 1214 eniieta
575 1158 608 1214 ad
630 1158 734 1215 viatoris
757 1175 818 1230 opes
841 1176 969 1227 eonversa,
976 1168 1013 1221 44

181 1237 257 1293 initio
273 1255 320 1308 per
336 1234 488 1306 Hispaniam
505 1236 618 1307 aprima
634 1236 767 1307 Adjutriae
785 1235 884 1307 legione
901 1240 966 1302 orto,

183 1332 249 1385 qma,
265 1312 388 1369 memoria
400 1312 509 1367 Othonis
525 1312 625 1368 infensa
641 1312 755 1378 Vitellio,
773 1311 894 1367 desimam
909 1331 970 1384 qun·

183 1408 235 1461 que
250 1408 281 1445 aa
297 1392 396 1444 sextam
413 1389 498 1445 tinxit.
533 1390 591 1445 Nee
605 1389 693 1445 Galliis
707 1388 898 1445 cunctabantur.
934 1390 991 1445 uta

184 1466 344 1521 Britanniam
352 1464 371 1535 †
378 1464 473 1521 inditus
484 1469 585 1533 (insitae
592 1466 618 1535 t)
631 1484 692 1537 erga
700 1465 884 1537 Vespasianum
891 1466 969 1532 favor,

184 1542 256 1614 quod
277 1542 329 1598 illie
352 1541 467 1598 secundia
489 1542 618 1614 legionis
640 1542 747 1598 Claudio
769 1542 920 1614 praepositus
943 1547 971 1598 et

183 1620 252 1676 belle
262 1620 344 1676 claras
355 1623 449 1692 egerat,
461 1638 513 1675 non
530 1620 584 1676 sine
601 1624 674 1676 motu
686 1620 802 1693 adjunxit
814 1623 969 1685 antei-arum,

182 1697 322 1768 inquibus
342 1696 454 1768 plerique
474 1696 635 1753 aenturiones
659 1714 688 1753 ae
711 1697 804 1753 milites
828 1716 843 1753 a
865 1697 970 1753 Vitellio

183 1775 299 1846 protecti
309 1777 443 1845 expertum
451 1776 506 1843 jani
520 1774 659 1846 prinoipem
671 1774 740 1829 anxii
755 1774 896 1831 mutabant.
932 1776 1014 1837 Ba45

184 1851 317 1917 (insuffla,
341 1854 368 1906 et
386 1849 481 1906 crebris
501 1850 562 1906 belli
581 1850 662 1906 uirilis
685 1852 835 1918 rumoribus,
854 1852 971 1907 Britanni

184 1928 311 1983 sustulere
327 1928 431 1998 animos,
448 1931 551 1983 anctore
567 1927 688 1994 Venutio,
708 1928 758 2000 qui,
778 1947 854 2000 snper
870 1928 972 1985 insitam

184 2005 304 2060 ferociam
317 2007 345 2060 at
364 2003 474 2059 Romani
484 2004 592 2060 nominis
607 2003 701 2071 odium,
713 2005 821 2077 propriis
833 2006 861 2060 in
878 2006 972 2061 Certis·

186 2081 321 2136 manduam
332 2081 445 2152 reginam
461 2081 572 2136 stimulis
590 2081 782 2137 attendebatur.
819 2082 994 2137 Cartiman-²

187 2158 241 2213 dna
261 2158 425 2229 Brigantibus
447 2158 616 2229 imperitabat,
639 2159 737 2230 pollens
766 2157 916 2235 nobilitate3
945 2163 972 2214 et

186 2238 294 2290 auxerat
314 2235 459 2305 potentiam,
480 2238 622 2306 postquam,
643 2239 719 2307 eapte
742 2254 787 2306 per
807 2235 891 2290 dolum
912 2254 972 2307 rege

186 2312 334 2378 Omaemao,
352 2311 503 2367 instruxisse
519 2312 678 2383 triumphum
695 2311 796 2367 Claudii
813 2311 919 2367 Cassiis
935 2314 973 2368 ri·

185 2388 302 2445 debatur.
349 2387 415 2445 Inda
440 2405 502 2460 opes
527 2392 555 2444 et
579 2408 664 2444 rernm
693 2389 860 2445 secundarum
887 2390 971 2446 luxus.

187 2466 279 2537 Spreta
291 2465 405 2521 Venutio
421 2465 455 2535 (is
469 2465 520 2520 init
533 2464 662 2536 maritus)
676 2468 829 2539 armigerum
842 2467 897 2539 ejus
912 2467 994 2529 Vel-a

187 2541 529 2597 loeatnminmatrimonium
537 2560 694 2615 regnumque
702 2543 807 2615 aceepit.
843 2544 973 2602 Gonoussa

189 2620 275 2674 statim
285 2619 384 2690 flagitio
400 2617 498 2674 domus.
533 2620 585 2675 Pro
596 2621 688 2675 marito
700 2620 785 2677 studia
796 2621 914 2687 civitatis,
926 2638 974 2693 pro

187 2694 302 2751 adnitere
321 2695 400 2755 libido
419 2696 515 2767 reginae
535 2699 562 2751 et
586 2697 690 2753 auritis.
726 2698 813 2770 Igitur
835 2698 972 2762 Venutius,

187 2772 277 2828 accitis
288 2772 395 2839 auxiliis,
409 2771 485 2829 simul
495 2773 609 2845 ipsorum
620 2774 773 2845 Brigantum
785 2774 934 2838 deiectione,
946 2773 975 2827 in

187 2853 327 2905 extremum
352 2849 488 2906 distrinien
511 2849 732 2905 Cartismandnam
755 2850 868 2906 adduxit.
908 2848 998 2907 '1¹nm4

187 2925 556 2999 patitaaBomanisproesidia
591 2927 754 2983 Bteohortes
766 2926 974 2997 alaequenostie,

186 3006 263 3061 variis
280 3004 381 3077 preliis,
394 3021 510 3061 exemere
525 3007 611 3059 tamen
622 3004 735 3075 periculo
749 3004 870 3074 reginam.
906 3000 977 3070 Reg-
