2575 3592
202 505 222 544 a
238 502 256 542 D
273 500 316 554 w]
376 428 628 488 ursroarnaom
647 440 692 488 rv.
709 440 811 491 rr-so.
948 442 995 488 roa
1027 462 1036 475 =

201 553 262 607 novi
274 553 361 609 auxilii
372 555 494 609 fecerant.
531 550 581 607 Sed
592 551 694 606 obstitit
710 551 870 607 vincentibus
887 570 995 623 pravum

201 632 271 687 inter
282 632 350 703 ipsos
367 633 502 694 certamen,
522 628 615 684 omisso
629 630 711 694 hoste,
729 630 809 701 spolia
824 629 993 685 consectandi.

202 708 317 774 Cerialis,
338 712 369 763 ut
389 707 488 763 incuria
505 725 584 778 prope
603 726 658 761 rem
681 707 777 776 afflixit,
796 708 834 763 ita
852 707 1020 771 constantia5

200 786 334 853 restituit;
352 789 506 856 secutusque
524 784 653 838 fortunam
674 788 762 857 castra
776 785 889 840 hostium
907 784 995 840 eodem

199 862 243 919 die
255 864 322 936 capit
332 861 515 933 exscinditque.
546 860 637 917 Necin
645 861 749 933 longum
759 864 830 933 quies
842 862 917 917 militi
926 862 993 918 duta.
1006 867 1043 924 79

200 940 316 997 Orabant
335 940 456 995 auxilium
468 938 675 1009 Agrippinenses,
688 939 877 1011 offerebantque
888 958 995 995 uxorem

199 1036 231 1073 ac
242 1036 356 1075 sororem
368 1016 456 1073 Civilis
469 1020 495 1071 et
506 1014 583 1069 filiam
601 1014 715 1082 Classici,
727 1017 815 1072 relicta
829 1017 877 1072 sibi
889 1018 997 1089 pignora

200 1096 339 1151 societatis.
375 1096 464 1167 Atque
479 1092 582 1147 interim
598 1091 726 1163 dispersos
746 1094 774 1148 in
792 1094 908 1151 domibus
932 1096 1020 1151 Ger-2

199 1192 288 1229 manos
307 1170 516 1237 trucidaverant;
533 1168 601 1224 unde
620 1174 705 1225 metus
724 1174 751 1225 et
765 1172 841 1242 justa
859 1191 946 1243 preces
958 1173 996 1228 in-

200 1250 356 1318 vocantium,
369 1252 504 1321 antequam
515 1248 612 1312 hostes,
623 1248 747 1319 reparatis
765 1248 867 1314 viribus,
881 1250 913 1304 ad
925 1269 996 1321 spem

201 1328 243 1383 vel
255 1328 288 1383 ad
299 1328 422 1383 ultionem
432 1326 631 1397 accingerentur.
667 1325 786 1397 Namque
797 1330 824 1381 et
837 1326 924 1382 Civilis
936 1328 1020 1388 illusa

199 1404 355 1474 intenderat,
366 1423 418 1460 non
431 1402 563 1468 invalidus,
576 1402 771 1475 flagrantissima
782 1403 923 1458 cohortium
940 1424 996 1461 sna-

200 1500 260 1538 rum
275 1482 384 1555 integra,
401 1500 457 1553 qua
475 1500 489 1537 e
504 1481 613 1535 Chaucis
629 1479 769 1551 Frisiisque
786 1482 926 1552 composita
939 1483 996 1537 Tol-

200 1558 269 1615 biaci
288 1558 316 1615 in
339 1558 431 1615 finibus
454 1556 679 1631 Agrippinensium
703 1556 802 1627 agebat.
839 1558 890 1614 Sed
913 1560 1022 1617 tristisd

200 1636 309 1692 nuntius
321 1636 421 1702 avertit,
435 1635 544 1691 deletam
552 1634 682 1689 cohortem
693 1633 751 1689 dolo
762 1636 995 1707 Agrippinensium,

201 1714 247 1785 qui
256 1713 333 1785 largis
345 1713 427 1785 epulis
439 1713 548 1783 vinoque
560 1710 657 1782 sopitos
671 1712 818 1779 Germanos,
831 1713 923 1769 clausis
936 1714 997 1770 iori-

199 1791 258 1859 bus,
276 1792 335 1863 igne
354 1791 450 1863 injecto
471 1806 619 1845 cremavere.
658 1790 739 1845 Simul
762 1791 867 1847 Cerialis
888 1809 996 1864 propero

200 1869 302 1941 agmine
311 1868 439 1924 subvenit.
466 1867 674 1925 Circumsteterat
682 1867 788 1925 Civilem
796 1869 1020 1936 etaliusmetus,5
1086 1889 1090 1895 ·

199 1966 233 2003 ne
246 1950 337 2019 quarta
346 1946 444 2003 decima
452 1945 526 2017 legio,
535 1943 655 2017 adjuncta
663 1945 811 2003 Britannica
820 1948 908 2013 classe,
918 1948 997 2003 afflic-

201 2028 271 2079 taret
288 2024 409 2091 Batavos,
426 2043 476 2097 qua
493 2024 594 2079 Oceano
612 2023 766 2080 ambiuntur.
803 2025 855 2081 Sed
871 2026 997 2099 legionem

202 2101 320 2156 terrestri
343 2102 435 2159 itinere
458 2100 552 2157 Fabius
580 2099 685 2156 Priscus
708 2101 809 2173 legatus
832 2102 860 2158 in
885 2102 996 2158 Nervios

203 2177 370 2251 Tungrosque
389 2178 469 2249 duxit,
487 2195 575 2249 eaeque
593 2179 710 2235 civitates
727 2181 755 2235 iu
778 2179 932 2235 deditionem
956 2197 996 2234 ac·

202 2262 292 2326 ceptae.
337 2256 451 2312 Classem
476 2255 547 2309 ultro
573 2254 754 2312 Canninefates
783 2257 898 2329 aggressi
926 2260 1020 2323 sunto

201 2332 334 2405 majorque
350 2351 408 2404 pars
429 2332 532 2388 navium
553 2332 673 2405 depressa
687 2339 732 2389 aut
749 2339 833 2404 capta.
875 2334 911 2390 ut
929 2334 997 2389 Ner·

187 2411 302 2484 ‘riorum
311 2410 506 2479 multitudinem,
516 2414 606 2481 sponte
615 2418 767 2467 commotam
775 2416 804 2467 ut
816 2430 862 2483 pro
874 2413 996 2468 Romanis

200 2488 296 2543 bellum
314 2492 463 2557 capesseret,
483 2487 559 2543 iidem
577 2488 758 2545 Canninefates
772 2490 869 2546 fudere.
905 2490 997 2546 Classi-

202 2583 247 2620 cus
264 2583 365 2637 quoque
381 2565 501 2621 adversus
517 2566 617 2637 equites
633 2567 775 2623 Novesium
790 2588 806 2622 a
819 2568 917 2624 Ceriale
934 2588 998 2640 praa-

202 2643 294 2697 missos
322 2644 461 2699 secundum
490 2644 606 2715 pralium
632 2644 702 2701 fecit.
739 2646 805 2706 Qua
830 2647 929 2703 modica
953 2644 1021 2703 sed?

202 2718 293 2776 crebra
304 2719 394 2775 damna
405 2721 498 2777 famam
510 2722 623 2779 victorie
635 2742 718 2796 nuper
729 2732 808 2796 partae
819 2724 970 2781 lacerabant.

237 2795 333 2851 Iisdem
346 2796 434 2854 diebus
447 2800 583 2855 Mucianus
592 2801 692 2856 Vitellii
708 2800 786 2857 filiurn
797 2801 905 2857 interfici
913 2800 997 2870 jubet,
1009 2807 1045 2861 80

201 2891 348 2930 mansuram
371 2875 521 2933 discordiam
545 2879 693 2944 obtendens,
715 2880 743 2935 ni
763 2879 858 2935 semina
880 2874 941 2933 belli
960 2895 1000 2931 re-

202 2950 344 3007 stinxisset.
381 2952 473 3025 Neque
485 2955 626 3013 Antonium
641 2958 757 3013 Primum
773 2956 865 3011 adsciri
880 2954 947 3009 inter
958 2973 1000 3009 co-

201 3030 278 3087 mites
291 3047 306 3083 a
318 3029 464 3088 Domitiano
480 3052 570 3105 passus
586 3040 634 3104 est,
646 3036 733 3091 lavore
748 3034 857 3089 militum
870 3032 961 3089 anxius
973 3036 1000 3088 et

237 3128 292 3169 rac,
301 3128 352 3160 rou.
362 3129 387 3159 11.
590 3128 606 3166 r
