<?xml version="1.0" encoding="UTF-8"?>
<!DOCTYPE html PUBLIC "-//W3C//DTD XHTML 1.0 Transitional//EN"
    "http://www.w3.org/TR/xhtml1/DTD/xhtml1-transitional.dtd">
<html xmlns="http://www.w3.org/1999/xhtml" xml:lang="en" lang="en">
 <head>
  <title>
</title>
<meta http-equiv="Content-Type" content="text/html;charset=utf-8" />
  <meta name='ocr-system' content='tesseract 3.04.00' />
  <meta name='ocr-capabilities' content='ocr_page ocr_carea ocr_par ocr_line ocrx_word'/>
</head>
<body>
  <div class='ocr_page' id='page_1' title='image "./operaomniaadfid00tacigoog_0123.png"; bbox 0 0 2575 3592; ppageno 0'>
   <div class='ocr_carea' id='block_1_1' title="bbox 208 414 993 528">
    <p class='ocr_par' dir='ltr' id='par_1_1' title="bbox 208 414 993 528">
     <span class='ocr_line' id='line_1_1' title="bbox 208 414 993 528; baseline 0.005 -66"><span class='ocrx_word' id='word_1_1' title='bbox 208 476 322 528; x_wconf 55' lang='grc' dir='ltr'>ΗΜ</span> <span class='ocrx_word' id='word_1_2' title='bbox 376 414 626 463; x_wconf 82' lang='lat' dir='ltr'><strong>HISTORIARUM</strong></span> <span class='ocrx_word' id='word_1_3' title='bbox 644 414 696 463; x_wconf 87' lang='lat'>111.</span> <span class='ocrx_word' id='word_1_4' title='bbox 715 415 815 463; x_wconf 79' lang='lat'>15-19.</span> <span class='ocrx_word' id='word_1_5' title='bbox 950 415 993 466; x_wconf 88' lang='grc'>117</span> 
     </span>
    </p>
   </div>
   <div class='ocr_carea' id='block_1_2' title="bbox 168 524 1019 905">
    <p class='ocr_par' dir='ltr' id='par_1_2' title="bbox 168 524 1019 905">
     <span class='ocr_line' id='line_1_2' title="bbox 168 524 995 598; baseline 0 -17"><span class='ocrx_word' id='word_1_6' title='bbox 168 540 171 544; x_wconf 75' lang='grc'><em>’</em></span> <span class='ocrx_word' id='word_1_7' title='bbox 208 528 294 598; x_wconf 79' lang='lat' dir='ltr'>plures</span> <span class='ocrx_word' id='word_1_8' title='bbox 318 544 393 596; x_wconf 89' lang='lat' dir='ltr'>quam</span> <span class='ocrx_word' id='word_1_9' title='bbox 416 530 518 582; x_wconf 86' lang='lat' dir='ltr'>eentum</span> <span class='ocrx_word' id='word_1_10' title='bbox 534 526 640 598; x_wconf 78' lang='lat' dir='ltr'>¹equites</span> <span class='ocrx_word' id='word_1_11' title='bbox 660 526 786 581; x_wconf 73' lang='lat' dir='ltr'><strong>restitere.</strong></span> <span class='ocrx_word' id='word_1_12' title='bbox 821 524 897 581; x_wconf 81' lang='lat' dir='ltr'>Juuit</span> <span class='ocrx_word' id='word_1_13' title='bbox 916 530 995 596; x_wconf 86' lang='lat' dir='ltr'>loeus,</span> 
     </span>
     <span class='ocr_line' id='line_1_3' title="bbox 207 603 997 674; baseline -0.003 -15"><span class='ocrx_word' id='word_1_14' title='bbox 207 605 318 659; x_wconf 78' lang='lat' dir='ltr'><strong>arctiore</strong></span> <span class='ocrx_word' id='word_1_15' title='bbox 332 604 383 659; x_wconf 85' lang='lat' dir='ltr'>illie</span> <span class='ocrx_word' id='word_1_16' title='bbox 399 605 447 669; x_wconf 84' lang='lat' dir='ltr'>via,</span> <span class='ocrx_word' id='word_1_17' title='bbox 462 609 490 659; x_wconf 87' lang='lat' dir='ltr'>et</span> <span class='ocrx_word' id='word_1_18' title='bbox 505 605 586 660; x_wconf 82' lang='lat' dir='ltr'>frseto</span> <span class='ocrx_word' id='word_1_19' title='bbox 602 604 771 659; x_wconf 86' lang='lat' dir='ltr'>interfluentis</span> <span class='ocrx_word' id='word_1_20' title='bbox 787 603 835 657; x_wconf 84' lang='lat' dir='ltr'>riui</span> <span class='ocrx_word' id='word_1_21' title='bbox 851 606 935 674; x_wconf 84' lang='lat' dir='ltr'>ponte,</span> <span class='ocrx_word' id='word_1_22' title='bbox 953 606 997 673; x_wconf 88' lang='lat' dir='ltr'>qui</span> 
     </span>
     <span class='ocr_line' id='line_1_4' title="bbox 205 674 996 753; baseline -0.005 -15"><span class='ocrx_word' id='word_1_23' title='bbox 205 684 306 738; x_wconf 91' lang='lat' dir='ltr'>ineerto</span> <span class='ocrx_word' id='word_1_24' title='bbox 325 682 396 738; x_wconf 80' lang='lat' dir='ltr'>alveo</span> <span class='ocrx_word' id='word_1_25' title='bbox 416 688 443 739; x_wconf 85' lang='lat' dir='ltr'>et</span> <span class='ocrx_word' id='word_1_26' title='bbox 463 682 634 753; x_wconf 67' lang='lat' dir='ltr'>praecipitibus</span> <span class='ocrx_word' id='word_1_27' title='bbox 653 682 714 753; x_wconf 86' lang='lat' dir='ltr'>ripis</span> <span class='ocrx_word' id='word_1_28' title='bbox 732 682 819 753; x_wconf 83' lang='lat' dir='ltr'>fugem</span> <span class='ocrx_word' id='word_1_29' title='bbox 836 674 996 751; x_wconf 81' lang='lat' dir='ltr'>impediebat.</span> 
     </span>
     <span class='ocr_line' id='line_1_5' title="bbox 206 758 1019 830; baseline -0.002 -15"><span class='ocrx_word' id='word_1_30' title='bbox 206 760 248 815; x_wconf 80' lang='lat' dir='ltr'>Ea</span> <span class='ocrx_word' id='word_1_31' title='bbox 259 759 405 824; x_wconf 85' lang='lat' dir='ltr'>neeessitas,</span> <span class='ocrx_word' id='word_1_32' title='bbox 418 778 464 813; x_wconf 90' lang='lat' dir='ltr'>seu</span> <span class='ocrx_word' id='word_1_33' title='bbox 481 760 591 825; x_wconf 84' lang='lat' dir='ltr'>fortuna,</span> <span class='ocrx_word' id='word_1_34' title='bbox 609 760 692 830; x_wconf 80' lang='lat' dir='ltr'>lapsas</span> <span class='ocrx_word' id='word_1_35' title='bbox 707 759 760 829; x_wconf 89' lang='lat' dir='ltr'>jam</span> <span class='ocrx_word' id='word_1_36' title='bbox 774 762 859 829; x_wconf 81' lang='lat' dir='ltr'>portes</span> <span class='ocrx_word' id='word_1_37' title='bbox 876 758 1019 813; x_wconf 67' lang='lat' dir='ltr'>restituite</span> 
     </span>
     <span class='ocr_line' id='line_1_6' title="bbox 206 827 997 905; baseline -0.005 -13"><span class='ocrx_word' id='word_1_38' title='bbox 206 837 316 892; x_wconf 82' lang='lat' dir='ltr'>Firmeti</span> <span class='ocrx_word' id='word_1_39' title='bbox 332 836 399 893; x_wconf 87' lang='lat' dir='ltr'>inter</span> <span class='ocrx_word' id='word_1_40' title='bbox 416 855 444 891; x_wconf 86' lang='lat' dir='ltr'>se</span> <span class='ocrx_word' id='word_1_41' title='bbox 458 836 543 891; x_wconf 88' lang='lat' dir='ltr'>densis</span> <span class='ocrx_word' id='word_1_42' title='bbox 553 827 688 891; x_wconf 70' lang='lat' dir='ltr'>’ordiamur</span> <span class='ocrx_word' id='word_1_43' title='bbox 707 835 836 905; x_wconf 77' lang='lat' dir='ltr'>excipiunt</span> <span class='ocrx_word' id='word_1_44' title='bbox 848 835 997 892; x_wconf 71' lang='lat' dir='ltr'>Vitellianos</span> 
     </span>
    </p>
   </div>
   <div class='ocr_carea' id='block_1_3' title="bbox 207 912 1060 3070">
    <p class='ocr_par' dir='ltr' id='par_1_3' title="bbox 207 912 1060 3070">
     <span class='ocr_line' id='line_1_7' title="bbox 207 912 997 984; baseline -0.004 -16"><span class='ocrx_word' id='word_1_45' title='bbox 207 921 305 969; x_wconf 80' lang='lat' dir='ltr'>temere</span> <span class='ocrx_word' id='word_1_46' title='bbox 323 914 424 969; x_wconf 85' lang='lat' dir='ltr'>effusos.</span> <span class='ocrx_word' id='word_1_47' title='bbox 461 916 546 984; x_wconf 79' lang='lat' dir='ltr'>Atque</span> <span class='ocrx_word' id='word_1_48' title='bbox 565 914 603 968; x_wconf 90' lang='lat' dir='ltr'>illi</span> <span class='ocrx_word' id='word_1_49' title='bbox 620 916 822 969; x_wconf 86' lang='lat' dir='ltr'>eonsternantur.</span> <span class='ocrx_word' id='word_1_50' title='bbox 870 912 997 967; x_wconf 82' lang='lat' dir='ltr'>Antonius</span> 
     </span>
     <span class='ocr_line' id='line_1_8' title="bbox 207 989 1021 1062; baseline -0.009 -14"><span class='ocrx_word' id='word_1_51' title='bbox 207 994 305 1048; x_wconf 84' lang='lat' dir='ltr'>instare</span> <span class='ocrx_word' id='word_1_52' title='bbox 327 990 458 1062; x_wconf 74' lang='lat' dir='ltr'>peremis,</span> <span class='ocrx_word' id='word_1_53' title='bbox 481 995 595 1047; x_wconf 89' lang='lat' dir='ltr'>sternere</span> <span class='ocrx_word' id='word_1_54' title='bbox 617 990 713 1045; x_wconf 87' lang='lat' dir='ltr'>obvies.</span> <span class='ocrx_word' id='word_1_55' title='bbox 750 989 831 1048; x_wconf 74' lang='lat' dir='ltr'>Simul</span> <span class='ocrx_word' id='word_1_56' title='bbox 851 990 943 1054; x_wconf 79' lang='lat' dir='ltr'>caeteri,</span> <span class='ocrx_word' id='word_1_57' title='bbox 968 994 1021 1043; x_wconf 68' lang='lat' dir='ltr'>ute</span> 
     </span>
     <span class='ocr_line' id='line_1_9' title="bbox 208 1066 998 1139; baseline -0.004 -15"><span class='ocrx_word' id='word_1_58' title='bbox 208 1070 302 1139; x_wconf 85' lang='lat' dir='ltr'>cuique</span> <span class='ocrx_word' id='word_1_59' title='bbox 312 1068 450 1139; x_wconf 78' lang='lat' dir='ltr'><strong>ingenium,</strong></span> <span class='ocrx_word' id='word_1_60' title='bbox 462 1068 578 1137; x_wconf 78' lang='lat' dir='ltr'>spoliare,</span> <span class='ocrx_word' id='word_1_61' title='bbox 589 1086 687 1138; x_wconf 83' lang='lat' dir='ltr'>sapere,</span> <span class='ocrx_word' id='word_1_62' title='bbox 704 1085 773 1121; x_wconf 86' lang='lat' dir='ltr'>arma</span> <span class='ocrx_word' id='word_1_63' title='bbox 788 1084 915 1139; x_wconf 81' lang='lat' dir='ltr'>equosque</span> <span class='ocrx_word' id='word_1_64' title='bbox 932 1066 998 1121; x_wconf 83' lang='lat' dir='ltr'>ebri-</span> 
     </span>
     <span class='ocr_line' id='line_1_10' title="bbox 208 1144 998 1218; baseline -0.004 -18"><span class='ocrx_word' id='word_1_65' title='bbox 208 1164 278 1218; x_wconf 82' lang='lat' dir='ltr'>pere.</span> <span class='ocrx_word' id='word_1_66' title='bbox 313 1145 349 1199; x_wconf 76' lang='lat' dir='ltr'>Ee</span> <span class='ocrx_word' id='word_1_67' title='bbox 360 1145 438 1201; x_wconf 78' lang='lat' dir='ltr'>exciti</span> <span class='ocrx_word' id='word_1_68' title='bbox 451 1161 572 1215; x_wconf 84' lang='lat' dir='ltr'>prospero</span> <span class='ocrx_word' id='word_1_69' title='bbox 588 1144 703 1211; x_wconf 87' lang='lat' dir='ltr'>elamore,</span> <span class='ocrx_word' id='word_1_70' title='bbox 716 1144 759 1214; x_wconf 90' lang='lat' dir='ltr'>qui</span> <span class='ocrx_word' id='word_1_71' title='bbox 774 1144 849 1197; x_wconf 90' lang='lat' dir='ltr'>medo</span> <span class='ocrx_word' id='word_1_72' title='bbox 864 1162 909 1213; x_wconf 89' lang='lat' dir='ltr'>per</span> <span class='ocrx_word' id='word_1_73' title='bbox 925 1162 998 1213; x_wconf 78' lang='lat' dir='ltr'>agros</span> 
     </span>
     <span class='ocr_line' id='line_1_11' title="bbox 208 1219 1043 1294; baseline -0.005 -17"><span class='ocrx_word' id='word_1_74' title='bbox 208 1225 274 1294; x_wconf 82' lang='lat' dir='ltr'>fuga</span> <span class='ocrx_word' id='word_1_75' title='bbox 283 1221 441 1293; x_wconf 82' lang='lat' dir='ltr'>palabantur,</span> <span class='ocrx_word' id='word_1_76' title='bbox 452 1222 567 1277; x_wconf 76' lang='lat' dir='ltr'>victorius</span> <span class='ocrx_word' id='word_1_77' title='bbox 579 1240 606 1275; x_wconf 87' lang='lat' dir='ltr'>se</span> <span class='ocrx_word' id='word_1_78' title='bbox 618 1220 764 1275; x_wconf 79' lang='lat' dir='ltr'>miscebant.</span> <span class='ocrx_word' id='word_1_79' title='bbox 800 1219 843 1275; x_wconf 84' lang='lat' dir='ltr'>Ad</span> <span class='ocrx_word' id='word_1_80' title='bbox 854 1226 972 1290; x_wconf 88' lang='lat' dir='ltr'>quartum</span> <span class='ocrx_word' id='word_1_81' title='bbox 985 1226 1043 1279; x_wconf 87' lang='lat' dir='ltr'>a18</span> 
     </span>
     <span class='ocr_line' id='line_1_12' title="bbox 211 1296 1000 1369; baseline -0.005 -14"><span class='ocrx_word' id='word_1_82' title='bbox 211 1301 338 1355; x_wconf 78' lang='lat' dir='ltr'><strong>Cremona</strong></span> <span class='ocrx_word' id='word_1_83' title='bbox 348 1298 456 1369; x_wconf 79' lang='lat' dir='ltr'>lapidem</span> <span class='ocrx_word' id='word_1_84' title='bbox 467 1299 560 1354; x_wconf 78' lang='lat' dir='ltr'>fulsere</span> <span class='ocrx_word' id='word_1_85' title='bbox 571 1298 699 1368; x_wconf 74' lang='lat' dir='ltr'>legionum</span> <span class='ocrx_word' id='word_1_86' title='bbox 715 1296 789 1364; x_wconf 82' lang='lat' dir='ltr'>signa</span> <span class='ocrx_word' id='word_1_87' title='bbox 798 1296 907 1366; x_wconf 76' lang='lat' dir='ltr'>Repseis</span> <span class='ocrx_word' id='word_1_88' title='bbox 924 1300 1000 1366; x_wconf 89' lang='lat' dir='ltr'>atque</span> 
     </span>
     <span class='ocr_line' id='line_1_13' title="bbox 210 1373 1001 1446; baseline -0.006 -14"><span class='ocrx_word' id='word_1_89' title='bbox 210 1376 318 1441; x_wconf 75' lang='lat' dir='ltr'>Iulios,</span> <span class='ocrx_word' id='word_1_90' title='bbox 336 1375 394 1431; x_wconf 76' lang='lat' dir='ltr'>lueto</span> <span class='ocrx_word' id='word_1_91' title='bbox 411 1376 568 1431; x_wconf 81' lang='lat' dir='ltr'>interimitis</span> <span class='ocrx_word' id='word_1_92' title='bbox 585 1375 699 1446; x_wconf 89' lang='lat' dir='ltr'>equitum</span> <span class='ocrx_word' id='word_1_93' title='bbox 717 1392 821 1431; x_wconf 86' lang='lat' dir='ltr'>suerum</span> <span class='ocrx_word' id='word_1_94' title='bbox 839 1373 923 1443; x_wconf 83' lang='lat' dir='ltr'>preelie</span> <span class='ocrx_word' id='word_1_95' title='bbox 941 1374 1001 1427; x_wconf 91' lang='lat' dir='ltr'>illue</span> 
     </span>
     <span class='ocr_line' id='line_1_14' title="bbox 212 1450 1023 1524; baseline -0.005 -17"><span class='ocrx_word' id='word_1_96' title='bbox 212 1472 296 1524; x_wconf 86' lang='lat' dir='ltr'>usque</span> <span class='ocrx_word' id='word_1_97' title='bbox 319 1457 443 1523; x_wconf 78' lang='lat' dir='ltr'>proveeta</span> <span class='ocrx_word' id='word_1_98' title='bbox 491 1453 541 1508; x_wconf 83' lang='lat' dir='ltr'>Sed</span> <span class='ocrx_word' id='word_1_99' title='bbox 564 1454 610 1508; x_wconf 86' lang='lat' dir='ltr'>ubi</span> <span class='ocrx_word' id='word_1_100' title='bbox 632 1453 735 1509; x_wconf 80' lang='lat' dir='ltr'>fortuna</span> <span class='ocrx_word' id='word_1_101' title='bbox 757 1457 846 1506; x_wconf 88' lang='lat' dir='ltr'>eontra</span> <span class='ocrx_word' id='word_1_102' title='bbox 868 1450 925 1515; x_wconf 90' lang='lat' dir='ltr'>fuit,</span> <span class='ocrx_word' id='word_1_103' title='bbox 950 1457 1023 1507; x_wconf 81' lang='lat' dir='ltr'>nou2</span> 
     </span>
     <span class='ocr_line' id='line_1_15' title="bbox 213 1522 1001 1601; baseline -0.006 -15"><span class='ocrx_word' id='word_1_104' title='bbox 213 1532 299 1586; x_wconf 73' lang='lat' dir='ltr'>laxare</span> <span class='ocrx_word' id='word_1_105' title='bbox 316 1522 423 1595; x_wconf 78' lang='lat' dir='ltr'>ordines,</span> <span class='ocrx_word' id='word_1_106' title='bbox 442 1549 494 1585; x_wconf 90' lang='lat' dir='ltr'>non</span> <span class='ocrx_word' id='word_1_107' title='bbox 509 1530 622 1601; x_wconf 84' lang='lat' dir='ltr'>recipere</span> <span class='ocrx_word' id='word_1_108' title='bbox 639 1530 764 1593; x_wconf 83' lang='lat' dir='ltr'>turbatus,</span> <span class='ocrx_word' id='word_1_109' title='bbox 780 1546 832 1583; x_wconf 91' lang='lat' dir='ltr'>non</span> <span class='ocrx_word' id='word_1_110' title='bbox 849 1527 947 1583; x_wconf 83' lang='lat' dir='ltr'>obviam</span> <span class='ocrx_word' id='word_1_111' title='bbox 965 1528 1001 1581; x_wconf 87' lang='lat' dir='ltr'>ire</span> 
     </span>
     <span class='ocr_line' id='line_1_16' title="bbox 213 1606 1002 1679; baseline -0.005 -16"><span class='ocrx_word' id='word_1_112' title='bbox 213 1609 333 1679; x_wconf 84' lang='lat' dir='ltr'>ultroque</span> <span class='ocrx_word' id='word_1_113' title='bbox 345 1608 448 1679; x_wconf 77' lang='lat' dir='ltr'>aggredi</span> <span class='ocrx_word' id='word_1_114' title='bbox 465 1609 572 1675; x_wconf 79' lang='lat' dir='ltr'><strong>hostem,</strong></span> <span class='ocrx_word' id='word_1_115' title='bbox 584 1612 686 1663; x_wconf 83' lang='lat' dir='ltr'>tautum</span> <span class='ocrx_word' id='word_1_116' title='bbox 698 1626 743 1677; x_wconf 88' lang='lat' dir='ltr'>per</span> <span class='ocrx_word' id='word_1_117' title='bbox 760 1606 870 1676; x_wconf 86' lang='lat' dir='ltr'>spetlum</span> <span class='ocrx_word' id='word_1_118' title='bbox 887 1624 963 1660; x_wconf 87' lang='lat' dir='ltr'>eursu</span> <span class='ocrx_word' id='word_1_119' title='bbox 976 1610 1002 1659; x_wconf 92' lang='lat' dir='ltr'>et</span> 
     </span>
     <span class='ocr_line' id='line_1_17' title="bbox 213 1681 1002 1758; baseline -0.004 -18"><span class='ocrx_word' id='word_1_120' title='bbox 213 1684 351 1758; x_wconf 75' lang='lat' dir='ltr'>pugnando</span> <span class='ocrx_word' id='word_1_121' title='bbox 373 1686 477 1740; x_wconf 79' lang='lat' dir='ltr'>fessum.</span> <span class='ocrx_word' id='word_1_122' title='bbox 517 1686 595 1739; x_wconf 77' lang='lat' dir='ltr'>Ilorte</span> <span class='ocrx_word' id='word_1_123' title='bbox 618 1684 688 1751; x_wconf 86' lang='lat' dir='ltr'>vieti,</span> <span class='ocrx_word' id='word_1_124' title='bbox 710 1682 779 1737; x_wconf 77' lang='lat' dir='ltr'>haud</span> <span class='ocrx_word' id='word_1_125' title='bbox 802 1681 904 1755; x_wconf 77' lang='lat' dir='ltr'>perinde</span> <span class='ocrx_word' id='word_1_126' title='bbox 927 1682 1002 1737; x_wconf 88' lang='lat' dir='ltr'>rebus</span> 
     </span>
     <span class='ocr_line' id='line_1_18' title="bbox 212 1756 1003 1836; baseline -0.008 -18"><span class='ocrx_word' id='word_1_127' title='bbox 212 1764 342 1836; x_wconf 80' lang='lat' dir='ltr'>prosperis</span> <span class='ocrx_word' id='word_1_128' title='bbox 371 1761 461 1817; x_wconf 84' lang='lat' dir='ltr'>ducem</span> <span class='ocrx_word' id='word_1_129' title='bbox 490 1761 701 1827; x_wconf 80' lang='lat' dir='ltr'>desideraverant,</span> <span class='ocrx_word' id='word_1_130' title='bbox 733 1764 809 1831; x_wconf 91' lang='lat' dir='ltr'>atque</span> <span class='ocrx_word' id='word_1_131' title='bbox 836 1761 864 1815; x_wconf 87' lang='lat' dir='ltr'>iu</span> <span class='ocrx_word' id='word_1_132' title='bbox 885 1756 1003 1815; x_wconf 80' lang='lat' dir='ltr'>&#39;adversis</span> 
     </span>
     <span class='ocr_line' id='line_1_19' title="bbox 213 1838 1026 1911; baseline -0.01 -15"><span class='ocrx_word' id='word_1_133' title='bbox 213 1841 303 1896; x_wconf 70' lang='lat' dir='ltr'>deesse</span> <span class='ocrx_word' id='word_1_134' title='bbox 313 1838 497 1911; x_wconf 75' lang='lat' dir='ltr'>intelligebant.</span> <span class='ocrx_word' id='word_1_135' title='bbox 533 1839 676 1893; x_wconf 76' lang='lat' dir='ltr'>Nutanter‘n</span> <span class='ocrx_word' id='word_1_136' title='bbox 688 1839 765 1893; x_wconf 86' lang='lat' dir='ltr'>aeiem</span> <span class='ocrx_word' id='word_1_137' title='bbox 779 1838 859 1893; x_wconf 80' lang='lat' dir='ltr'>vietor</span> <span class='ocrx_word' id='word_1_138' title='bbox 875 1838 1026 1908; x_wconf 68' lang='lat' dir='ltr'>equitatura</span> 
     </span>
     <span class='ocr_line' id='line_1_20' title="bbox 214 1914 1033 1987; baseline -0.006 -13"><span class='ocrx_word' id='word_1_139' title='bbox 214 1920 344 1983; x_wconf 86' lang='lat' dir='ltr'>inaursat;</span> <span class='ocrx_word' id='word_1_140' title='bbox 362 1922 391 1971; x_wconf 88' lang='lat' dir='ltr'>et</span> <span class='ocrx_word' id='word_1_141' title='bbox 402 1917 543 1987; x_wconf 81' lang='lat' dir='ltr'>Vipstanus</span> <span class='ocrx_word' id='word_1_142' title='bbox 555 1916 668 1971; x_wconf 81' lang='lat' dir='ltr'>Messala</span> <span class='ocrx_word' id='word_1_143' title='bbox 685 1916 802 1971; x_wconf 85' lang='lat' dir='ltr'>tribunus</span> <span class='ocrx_word' id='word_1_144' title='bbox 817 1933 874 1969; x_wconf 88' lang='lat' dir='ltr'>eum</span> <span class='ocrx_word' id='word_1_145' title='bbox 890 1914 1003 1969; x_wconf 84' lang='lat' dir='ltr'>Moesieis</span> <span class='ocrx_word' id='word_1_146' title='bbox 1028 1966 1033 1977; x_wconf 84' lang='grc'>,</span> 
     </span>
     <span class='ocr_line' id='line_1_21' title="bbox 214 1992 1005 2065; baseline -0.005 -15"><span class='ocrx_word' id='word_1_147' title='bbox 214 1995 379 2051; x_wconf 78' lang='lat' dir='ltr'>auxiliaribus</span> <span class='ocrx_word' id='word_1_148' title='bbox 396 1994 547 2065; x_wconf 83' lang='lat' dir='ltr'>assequitur,</span> <span class='ocrx_word' id='word_1_149' title='bbox 561 2011 624 2065; x_wconf 87' lang='lat' dir='ltr'>ques</span> <span class='ocrx_word' id='word_1_150' title='bbox 635 1993 655 2062; x_wconf 90' lang='lat'>†</span> <span class='ocrx_word' id='word_1_151' title='bbox 666 1993 762 2048; x_wconf 73' lang='lat' dir='ltr'>milities</span> <span class='ocrx_word' id='word_1_152' title='bbox 776 1994 858 2062; x_wconf 79' lang='lat' dir='ltr'>(multi</span> <span class='ocrx_word' id='word_1_153' title='bbox 870 1993 914 2061; x_wconf 72' lang='lat' dir='ltr'>el)</span> <span class='ocrx_word' id='word_1_154' title='bbox 927 1992 1005 2061; x_wconf 85' lang='lat' dir='ltr'>legio-</span> 
     </span>
     <span class='ocr_line' id='line_1_22' title="bbox 215 2070 1028 2142; baseline -0.009 -16"><span class='ocrx_word' id='word_1_155' title='bbox 215 2073 293 2126; x_wconf 84' lang='lat' dir='ltr'>nariis</span> <span class='ocrx_word' id='word_1_156' title='bbox 306 2089 442 2142; x_wconf 79' lang='lat' dir='ltr'>quanquam</span> <span class='ocrx_word' id='word_1_157' title='bbox 464 2071 557 2141; x_wconf 80' lang='lat' dir='ltr'>raptim</span> <span class='ocrx_word' id='word_1_158' title='bbox 569 2070 660 2125; x_wconf 85' lang='lat' dir='ltr'>duetus</span> <span class='ocrx_word' id='word_1_159' title='bbox 676 2070 816 2141; x_wconf 77' lang='lat' dir='ltr'>aequabant.</span> <span class='ocrx_word' id='word_1_160' title='bbox 852 2070 895 2124; x_wconf 85' lang='lat' dir='ltr'>Ita</span> <span class='ocrx_word' id='word_1_161' title='bbox 910 2070 1028 2123; x_wconf 73' lang='lat' dir='ltr'>urirtusl</span> 
     </span>
     <span class='ocr_line' id='line_1_23' title="bbox 216 2146 1006 2220; baseline -0.008 -17"><span class='ocrx_word' id='word_1_162' title='bbox 216 2149 294 2220; x_wconf 81' lang='lat' dir='ltr'>pedes</span> <span class='ocrx_word' id='word_1_163' title='bbox 305 2166 432 2220; x_wconf 85' lang='lat' dir='ltr'>equesque</span> <span class='ocrx_word' id='word_1_164' title='bbox 443 2166 535 2218; x_wconf 88' lang='lat' dir='ltr'>rupere</span> <span class='ocrx_word' id='word_1_165' title='bbox 545 2148 673 2219; x_wconf 82' lang='lat' dir='ltr'>legionum</span> <span class='ocrx_word' id='word_1_166' title='bbox 686 2166 782 2218; x_wconf 86' lang='lat' dir='ltr'>agmen.</span> <span class='ocrx_word' id='word_1_167' title='bbox 818 2146 854 2201; x_wconf 76' lang='lat' dir='ltr'>ut</span> <span class='ocrx_word' id='word_1_168' title='bbox 866 2146 1006 2217; x_wconf 85' lang='lat' dir='ltr'>propinqua</span> 
     </span>
     <span class='ocr_line' id='line_1_24' title="bbox 217 2222 1004 2296; baseline -0.006 -16"><span class='ocrx_word' id='word_1_169' title='bbox 217 2226 425 2281; x_wconf 84' lang='lat' dir='ltr'>Cremonensium</span> <span class='ocrx_word' id='word_1_170' title='bbox 443 2226 541 2292; x_wconf 88' lang='lat' dir='ltr'>moeuia,</span> <span class='ocrx_word' id='word_1_171' title='bbox 558 2230 655 2296; x_wconf 89' lang='lat' dir='ltr'>quante</span> <span class='ocrx_word' id='word_1_172' title='bbox 675 2224 732 2295; x_wconf 87' lang='lat' dir='ltr'>plus</span> <span class='ocrx_word' id='word_1_173' title='bbox 750 2223 805 2294; x_wconf 88' lang='lat' dir='ltr'>spei</span> <span class='ocrx_word' id='word_1_174' title='bbox 824 2222 856 2277; x_wconf 87' lang='lat' dir='ltr'>ad</span> <span class='ocrx_word' id='word_1_175' title='bbox 876 2222 1004 2293; x_wconf 81' lang='lat' dir='ltr'>effugium,</span> 
     </span>
     <span class='ocr_line' id='line_1_25' title="bbox 216 2300 1050 2358; baseline -0.004 -1"><span class='ocrx_word' id='word_1_176' title='bbox 216 2304 339 2358; x_wconf 87' lang='lat' dir='ltr'>minorem</span> <span class='ocrx_word' id='word_1_177' title='bbox 355 2302 388 2357; x_wconf 81' lang='lat' dir='ltr'>ed</span> <span class='ocrx_word' id='word_1_178' title='bbox 403 2302 572 2357; x_wconf 86' lang='lat' dir='ltr'>resistendum</span> <span class='ocrx_word' id='word_1_179' title='bbox 589 2302 700 2355; x_wconf 83' lang='lat' dir='ltr'>animum</span> <span class='ocrx_word' id='word_1_180' title='bbox 718 2300 819 2357; x_wconf 83' lang='lat' dir='ltr'>debunt.</span> <span class='ocrx_word' id='word_1_181' title='bbox 856 2300 912 2353; x_wconf 88' lang='lat' dir='ltr'>Nee</span> <span class='ocrx_word' id='word_1_182' title='bbox 928 2302 1005 2353; x_wconf 86' lang='lat' dir='ltr'>Antu-</span> <span class='ocrx_word' id='word_1_183' title='bbox 1015 2300 1050 2354; x_wconf 87' lang='lat'>19</span> 
     </span>
     <span class='ocr_line' id='line_1_26' title="bbox 215 2374 1007 2447; baseline -0.008 -12"><span class='ocrx_word' id='word_1_184' title='bbox 215 2382 276 2435; x_wconf 87' lang='lat' dir='ltr'>nius</span> <span class='ocrx_word' id='word_1_185' title='bbox 293 2378 362 2434; x_wconf 86' lang='lat' dir='ltr'>ultra</span> <span class='ocrx_word' id='word_1_186' title='bbox 377 2380 480 2447; x_wconf 80' lang='lat' dir='ltr'>institit,</span> <span class='ocrx_word' id='word_1_187' title='bbox 491 2397 587 2433; x_wconf 91' lang='lat' dir='ltr'>memor</span> <span class='ocrx_word' id='word_1_188' title='bbox 603 2378 697 2433; x_wconf 78' lang='lat' dir='ltr'>laboris</span> <span class='ocrx_word' id='word_1_189' title='bbox 715 2396 744 2431; x_wconf 82' lang='lat' dir='ltr'>aa</span> <span class='ocrx_word' id='word_1_190' title='bbox 761 2376 900 2443; x_wconf 81' lang='lat' dir='ltr'>vulnerum,</span> <span class='ocrx_word' id='word_1_191' title='bbox 915 2374 1007 2447; x_wconf 90' lang='lat' dir='ltr'>quibus</span> 
     </span>
     <span class='ocr_line' id='line_1_27' title="bbox 216 2454 1007 2528; baseline -0.006 -16"><span class='ocrx_word' id='word_1_192' title='bbox 216 2463 373 2528; x_wconf 76' lang='lat' dir='ltr'>temanesps</span> <span class='ocrx_word' id='word_1_193' title='bbox 383 2457 461 2527; x_wconf 74' lang='lat' dir='ltr'>praelii</span> <span class='ocrx_word' id='word_1_194' title='bbox 470 2458 579 2523; x_wconf 84' lang='lat' dir='ltr'>fortuna,</span> <span class='ocrx_word' id='word_1_195' title='bbox 589 2455 703 2526; x_wconf 80' lang='lat' dir='ltr'>quumvis</span> <span class='ocrx_word' id='word_1_196' title='bbox 713 2472 833 2525; x_wconf 85' lang='lat' dir='ltr'>prospero</span> <span class='ocrx_word' id='word_1_197' title='bbox 842 2454 899 2521; x_wconf 86' lang='lat' dir='ltr'>fine,</span> <span class='ocrx_word' id='word_1_198' title='bbox 909 2454 1007 2525; x_wconf 87' lang='lat' dir='ltr'>equites</span> 
     </span>
     <span class='ocr_line' id='line_1_28' title="bbox 216 2534 1060 2607; baseline -0.007 -16"><span class='ocrx_word' id='word_1_199' title='bbox 216 2554 347 2607; x_wconf 87' lang='lat' dir='ltr'>equosque</span> <span class='ocrx_word' id='word_1_200' title='bbox 358 2536 528 2589; x_wconf 80' lang='lat' dir='ltr'>afflictaverat.</span> <span class='ocrx_word' id='word_1_201' title='bbox 564 2534 730 2589; x_wconf 86' lang='lat' dir='ltr'>Inumbrante</span> <span class='ocrx_word' id='word_1_202' title='bbox 742 2550 848 2603; x_wconf 82' lang='lat' dir='ltr'>vespero</span> <span class='ocrx_word' id='word_1_203' title='bbox 861 2534 1029 2588; x_wconf 71' lang='lat' dir='ltr'>universumt</span> <span class='ocrx_word' id='word_1_204' title='bbox 1058 2580 1060 2585; x_wconf 83' lang='lat'><em>.</em></span> 
     </span>
     <span class='ocr_line' id='line_1_29' title="bbox 217 2610 1008 2681; baseline -0.005 -14"><span class='ocrx_word' id='word_1_205' title='bbox 217 2614 332 2667; x_wconf 78' lang='lat' dir='ltr'>Flauiani</span> <span class='ocrx_word' id='word_1_206' title='bbox 361 2614 488 2667; x_wconf 84' lang='lat' dir='ltr'>exereitus</span> <span class='ocrx_word' id='word_1_207' title='bbox 517 2611 595 2667; x_wconf 89' lang='lat' dir='ltr'>robur</span> <span class='ocrx_word' id='word_1_208' title='bbox 624 2610 734 2665; x_wconf 84' lang='lat' dir='ltr'>advenit.</span> <span class='ocrx_word' id='word_1_209' title='bbox 779 2610 867 2681; x_wconf 85' lang='lat' dir='ltr'>thue</span> <span class='ocrx_word' id='word_1_210' title='bbox 895 2612 1008 2665; x_wconf 82' lang='lat' dir='ltr'>cumulus</span> 
     </span>
     <span class='ocr_line' id='line_1_30' title="bbox 219 2686 1009 2760; baseline -0.005 -17"><span class='ocrx_word' id='word_1_211' title='bbox 219 2708 296 2759; x_wconf 85' lang='lat' dir='ltr'>super</span> <span class='ocrx_word' id='word_1_212' title='bbox 311 2694 339 2744; x_wconf 91' lang='lat' dir='ltr'>et</span> <span class='ocrx_word' id='word_1_213' title='bbox 353 2690 466 2744; x_wconf 81' lang='lat' dir='ltr'>recentia</span> <span class='ocrx_word' id='word_1_214' title='bbox 481 2689 549 2744; x_wconf 75' lang='lat' dir='ltr'>erade</span> <span class='ocrx_word' id='word_1_215' title='bbox 565 2688 674 2760; x_wconf 83' lang='lat' dir='ltr'>vestigia</span> <span class='ocrx_word' id='word_1_216' title='bbox 689 2688 820 2753; x_wconf 79' lang='lat' dir='ltr'>incessere,</span> <span class='ocrx_word' id='word_1_217' title='bbox 839 2688 910 2759; x_wconf 86' lang='lat' dir='ltr'>quusi</span> <span class='ocrx_word' id='word_1_218' title='bbox 926 2686 1009 2740; x_wconf 85' lang='lat' dir='ltr'>debel-</span> 
     </span>
     <span class='ocr_line' id='line_1_31' title="bbox 219 2763 1007 2837; baseline -0.009 -16"><span class='ocrx_word' id='word_1_219' title='bbox 219 2766 300 2821; x_wconf 88' lang='lat' dir='ltr'>latum</span> <span class='ocrx_word' id='word_1_220' title='bbox 311 2766 385 2835; x_wconf 76' lang='lat' dir='ltr'>foret,</span> <span class='ocrx_word' id='word_1_221' title='bbox 398 2784 504 2837; x_wconf 84' lang='lat' dir='ltr'>pergere</span> <span class='ocrx_word' id='word_1_222' title='bbox 516 2764 673 2830; x_wconf 81' lang='lat' dir='ltr'>Cremonam,</span> <span class='ocrx_word' id='word_1_223' title='bbox 687 2770 713 2819; x_wconf 93' lang='lat' dir='ltr'>et</span> <span class='ocrx_word' id='word_1_224' title='bbox 725 2766 806 2821; x_wconf 86' lang='lat' dir='ltr'>viates</span> <span class='ocrx_word' id='word_1_225' title='bbox 818 2765 845 2819; x_wconf 89' lang='lat' dir='ltr'>in</span> <span class='ocrx_word' id='word_1_226' title='bbox 856 2763 1007 2819; x_wconf 87' lang='lat' dir='ltr'>deditionem</span> 
     </span>
     <span class='ocr_line' id='line_1_32' title="bbox 220 2839 1032 2913; baseline -0.001 -16"><span class='ocrx_word' id='word_1_227' title='bbox 220 2843 334 2912; x_wconf 78' lang='lat' dir='ltr'>recipere</span> <span class='ocrx_word' id='word_1_228' title='bbox 358 2847 402 2897; x_wconf 80' lang='lat' dir='ltr'>eut</span> <span class='ocrx_word' id='word_1_229' title='bbox 426 2860 572 2913; x_wconf 81' lang='lat' dir='ltr'>expugnare</span> <span class='ocrx_word' id='word_1_230' title='bbox 595 2842 743 2913; x_wconf 82' lang='lat' dir='ltr'>deposcunt.</span> <span class='ocrx_word' id='word_1_231' title='bbox 780 2842 844 2895; x_wconf 80' lang='lat' dir='ltr'>Haee</span> <span class='ocrx_word' id='word_1_232' title='bbox 868 2841 894 2894; x_wconf 91' lang='lat' dir='ltr'>iu</span> <span class='ocrx_word' id='word_1_233' title='bbox 918 2839 1032 2903; x_wconf 88' lang='lat' dir='ltr'>medio,3</span> 
     </span>
     <span class='ocr_line' id='line_1_33' title="bbox 219 2914 1010 2993; baseline -0.009 -20"><span class='ocrx_word' id='word_1_234' title='bbox 219 2919 326 2993; x_wconf 81' lang='lat' dir='ltr'>pulchra</span> <span class='ocrx_word' id='word_1_235' title='bbox 348 2919 427 2975; x_wconf 80' lang='lat' dir='ltr'>diebu.</span> <span class='ocrx_word' id='word_1_236' title='bbox 476 2919 525 2973; x_wconf 82' lang='lat' dir='ltr'>Illa</span> <span class='ocrx_word' id='word_1_237' title='bbox 547 2918 596 2973; x_wconf 86' lang='lat' dir='ltr'>sibi</span> <span class='ocrx_word' id='word_1_238' title='bbox 621 2919 735 2989; x_wconf 86' lang='lat' dir='ltr'>quisque,</span> <span class='ocrx_word' id='word_1_239' title='bbox 762 2924 860 2987; x_wconf 88' lang='lat' dir='ltr'>“posse</span> <span class='ocrx_word' id='word_1_240' title='bbox 888 2914 1010 2969; x_wconf 78' lang='lat' dir='ltr'>coloniam</span> 
     </span>
     <span class='ocr_line' id='line_1_34' title="bbox 219 2992 1010 3070; baseline -0.006 -17"><span class='ocrx_word' id='word_1_241' title='bbox 219 2999 297 3070; x_wconf 82' lang='lat' dir='ltr'>plano</span> <span class='ocrx_word' id='word_1_242' title='bbox 315 2998 391 3053; x_wconf 87' lang='lat' dir='ltr'>situm</span> <span class='ocrx_word' id='word_1_243' title='bbox 408 2998 506 3069; x_wconf 86' lang='lat' dir='ltr'>impetu</span> <span class='ocrx_word' id='word_1_244' title='bbox 519 2998 586 3068; x_wconf 84' lang='lat' dir='ltr'>eopi.</span> <span class='ocrx_word' id='word_1_245' title='bbox 622 2997 696 3052; x_wconf 90' lang='lat' dir='ltr'>Idem</span> <span class='ocrx_word' id='word_1_246' title='bbox 711 2995 820 3050; x_wconf 82' lang='lat' dir='ltr'>audaeiae</span> <span class='ocrx_word' id='word_1_247' title='bbox 837 3012 882 3063; x_wconf 90' lang='lat' dir='ltr'>per</span> <span class='ocrx_word' id='word_1_248' title='bbox 893 2992 1010 3048; x_wconf 80' lang='lat' dir='ltr'>tenebras</span> 
     </span>
    </p>
   </div>
   <div class='ocr_carea' id='block_1_4' title="bbox 0 0 1308 3592">
    <p class='ocr_par' dir='ltr' id='par_1_4' title="bbox 0 0 1308 3592">
     <span class='ocr_line' id='line_1_35' title="bbox 0 0 1308 3592; baseline 0 0"><span class='ocrx_word' id='word_1_249' title='bbox 0 0 1308 3592; x_wconf 95' lang='lat' dir='ltr'> </span> 
     </span>
    </p>
   </div>
  </div>
 </body>
</html>
