2575 3592
205 493 227 529 Α
245 490 264 529 D
280 489 323 537 69]
388 424 638 474 HISTORIARUM
657 425 701 473 lV.
720 426 821 473 12-15.
950 425 997 473 let

203 538 336 611 pueritia)
356 538 388 593 ad
405 542 522 608 stuprum
540 538 716 592 trahebantur.
751 536 822 591 Hinc
839 531 951 599 invidia;
969 549 997 589 et

202 615 353 686 conrpositse
373 614 503 669 seditionis
522 619 638 669 auctores
662 613 795 685 perpulere
818 618 849 667 ut
870 612 994 667 delectum

203 694 355 748 abnuerent.
393 692 480 747 Civilis
499 692 620 763 primores
640 693 725 763 gentis
746 695 772 746 et
793 690 1018 761 promptissimosss

203 770 284 841 vulgi,
302 769 385 841 speeie
403 769 534 839 epularum
552 788 652 838 sapitur
669 769 697 823 in
714 787 804 831 nemus
821 773 932 832 vocatos,
951 766 997 821 ubi

204 853 281 914 noete
294 866 323 901 ao
332 847 421 901 laetitia
428 846 561 901 incaluisse
573 845 650 911 videt,
661 846 759 901 alaude
771 846 901 917 gloriaque
912 845 997 917 gentis

205 943 281 991 armis
298 924 404 995 injurius
423 928 450 978 et
467 927 555 995 raptus
573 929 600 979 et
617 930 710 979 caetera
726 923 823 978 servitii
847 922 913 977 mala
936 941 997 977 enu-

205 1009 296 1057 merat.
334 1002 451 1071 “Neque
472 1002 539 1055 eninr
558 1002 714 1070 societatem,
736 1006 767 1055 ut
787 1000 854 1065 olim,
876 1000 922 1054 sed
941 1005 1020 1053 tan-t

207 1098 283 1150 quam
295 1079 421 1154 mancipia
432 1078 527 1133 haberi.
564 1078 674 1137 Quando
685 1078 806 1149 legatum,
813 1077 885 1149 gravi
897 1076 998 1150 quidem

207 1156 332 1236 cantitata
352 1161 379 1211 et
400 1157 510 1227 superbo
534 1174 592 1211 cum
611 1156 724 1225 imperio,
748 1155 853 1209 veniret
871 1154 947 1209 Tradi
970 1173 998 1209 se

206 1234 337 1305 praefectis
355 1234 609 1303 centurionibusqae3
629 1250 692 1302 quos
715 1231 761 1285 ubi
784 1231 870 1302 spoliis
894 1238 920 1286 et
943 1250 999 1286 san-

208 1311 287 1383 guine
307 1310 469 1381 expleverint,
491 1310 593 1375 mutari,
616 1308 763 1379 exquirique
783 1326 862 1363 novos
881 1309 951 1363 sinus
972 1313 998 1362 et
1063 1363 1067 1372 ,

208 1388 281 1443 varia
292 1388 421 1458 predandi
432 1388 560 1443 vocabula.
596 1388 698 1443 Instare
713 1386 847 1452 delectum,
859 1405 910 1457 quo
927 1386 999 1440 liberi
1010 1390 1025 1436 5

210 1484 226 1519 a
242 1464 396 1535 parentibus,
412 1464 504 1520 fratres
522 1484 537 1519 a
551 1465 673 1519 iratribus
689 1464 759 1519 velut
777 1458 922 1535 eudemum
939 1462 1000 1517 divi-

210 1542 313 1596 dantur.
349 1542 487 1613 Nunquam
504 1543 584 1613 magis
598 1542 714 1597 afflictam
726 1560 779 1595 rem
792 1542 940 1603 Romanam,
953 1558 1000 1594 nec

211 1618 281 1673 aliud
292 1618 319 1673 in
337 1619 448 1675 hibernis
465 1638 539 1691 quarn
557 1619 666 1691 praedam
684 1623 711 1673 et
728 1638 809 1673 senes.
845 1618 1000 1689 Attollerent

209 1700 312 1751 tantinn
328 1696 421 1763 oculos,
435 1701 461 1752 ct
479 1697 564 1767 inania
580 1697 708 1768 legionum
725 1697 826 1751 nummu
842 1714 874 1750 ne
886 1713 1001 1766 pavesce-

208 1776 276 1829 rent.
307 1774 343 1829 At
352 1774 400 1829 sibi
410 1775 487 1829 robur
495 1774 609 1845 peditum
619 1774 792 1844 equitumque,
803 1773 1023 1843 consanguineast

209 1852 359 1917 Germanos,
376 1850 470 1905 Gallias
486 1851 554 1905 idern
571 1851 712 1922 cupientes
745 1851 787 1906 Ne
805 1851 927 1905 Runumis
947 1850 1003 1920 qui-

208 1928 268 1984 dem
287 1929 419 2000 ingratum
436 1928 463 1983 id
485 1928 588 1995 babuci,
608 1930 681 1998 cujus
705 1929 850 2003 ambiguam
873 1928 1000 1982 fortunam

208 2006 370 2077 Vespasiano
382 2006 567 2077 imputaturus:
586 2006 701 2076 victoriae
709 2007 832 2061 rationem
841 2025 892 2061 non
904 2003 1001 2059 reddi.''

209 2082 309 2153 Magno
330 2101 388 2138 curn
410 2102 514 2137 assensu
533 2082 642 2147 auditus,
667 2082 771 2139 barbaro
791 2084 844 2155 ritu
864 2087 891 2137 et
914 2077 1047 2152 patriisl5

212 2161 429 2216 exsecrationibus
449 2162 579 2215 universos
599 2161 686 2232 adigit.
722 2162 799 2215 Missi
822 2160 854 2213 ad
877 2160 1004 2213 Cannine-

212 2238 280 2291 fates
298 2239 342 2308 qui
359 2238 464 2293 consilia
483 2238 615 2293 sociarent.
653 2238 692 2292 Ea
713 2256 775 2309 gens
796 2241 894 2307 partem
914 2236 1003 2306 insula

212 2314 283 2379 colit,
309 2315 412 2385 origine,
438 2315 532 2387 lingua,
557 2315 661 2379 virtute,
686 2333 732 2385 par
754 2313 876 2378 Batavis;
899 2330 1004 2381 numero

213 2396 376 2463 superantur.
412 2394 476 2447 Mox
495 2392 601 2447 occultis
622 2391 720 2445 nuntiis
736 2391 839 2462 pellexit
857 2390 1027 2463 Britannicaa

213 2470 316 2535 auxilia,
334 2470 490 2524 Batavorum
507 2470 624 2542 cobortes
642 2469 733 2523 missas
749 2469 777 2522 in
795 2468 962 2534 Germaniam,
974 2473 1005 2523 ut

216 2566 295 2619 supra
306 2548 448 2615 retulimus,
462 2566 491 2601 ac
502 2552 557 2601 tum
574 2546 734 2617 Mogontiaci
750 2550 863 2617 agentes.
898 2546 963 2601 Erat
980 2547 1008 2600 in

216 2625 426 2679 Canninefatibus
443 2624 541 2679 stolide
558 2623 669 2678 audacia
683 2624 787 2688 Brinno,
801 2624 915 2678 claritate
935 2627 1008 2677 nata-
1032 2619 1035 2628 '

215 2701 278 2755 lium
289 2702 389 2773 insigni.
427 2703 504 2756 Pater
516 2702 578 2771 ejus,
591 2701 673 2755 multa
683 2701 787 2755 hostilia
804 2719 890 2769 ausus,
903 2700 1030 2768 Gaiana-3

216 2796 273 2833 rum
286 2779 474 2849 expeditionum
485 2778 621 2833 ludibrium
633 2778 737 2848 impune
751 2783 888 2848 spreverat.
924 2777 1010 2847 Igitur

216 2856 273 2927 ipso
285 2854 383 2911 rebellis
396 2856 496 2911 familiae
505 2860 606 2910 nornine
615 2858 718 2926 placuit,
729 2856 916 2925 impositusque
928 2860 1010 2921 scuto,

216 2950 288 2988 more
311 2934 402 3004 gentis,
428 2938 454 2989 ct
479 2933 659 2987 sustinentium
676 2933 788 2986 humeris
812 2931 932 2994 vibratus,
957 2930 1010 2985 dux

219 3010 348 3081 deligitur.
384 3011 527 3083 Statimque
537 3010 624 3065 accitis
635 3008 724 3065 Ebisiis
735 3009 938 3079 (Transrhenaua
946 3016 1035 3078 gersa
