2575 3592
316 355 361 407 192
657 358 777 408 Tnclrl
944 420 981 468 μ
992 420 1015 459 u
1034 421 1052 459 c
1068 421 1115 463 m

313 484 384 521 snam
396 466 431 521 D.
443 466 520 534 Julio,
532 486 578 538 per
590 468 684 525 Gallias
699 468 811 534 bellanti
823 486 928 539 corpore
944 476 1029 540 atque
1040 470 1115 525 adul-

290 545 377 604 eterio
389 544 520 615 placuisse.
557 546 595 601 Hi
607 547 711 603 secretis
724 546 881 603 sermonibus
894 546 994 604 animos
1007 552 1115 603 caetero

313 642 367 677 rum
385 623 499 677 scrutari.
536 622 595 689 Ubi,
610 632 677 695 quos'
689 623 793 679 idoneos
808 622 938 688 rebantur,
951 624 1114 681 commentis

312 700 476 768 obstrinxere,
489 700 515 755 in
527 700 625 759 colonis
637 701 819 773 Agrippinensi
830 701 857 755 iu
866 700 971 757 domum
980 701 1113 770 privatam

312 778 472 833 conveniunt.
497 778 564 833 Nam
577 778 676 849 publice
688 778 777 833 civitas
789 778 882 833 talibus
894 778 1011 848 inceptis
1022 778 1112 833 abbor-

311 854 400 909 rebat:
427 858 540 909 attamen
559 855 697 911 interfuere
718 854 818 926 qnidam
841 854 968 911 Ubiorum
989 855 1109 927 Tungre

289 944 424 1002 suumque.
461 932 510 987 Sed
523 932 630 1003 plurima
641 933 680 987 vis
692 951 769 1003 peaes
781 932 905 987 Treveros
913 950 945 987 ac
954 931 1108 1001 Lingonas:

311 1026 357 1062 nec
374 1008 456 1063 tulere
475 1028 557 1065 moras
579 1009 745 1065 consultandi.
782 1009 905 1065 Certatim
926 1009 1107 1078 proclamant:

310 1086 394 1141 furere
415 1085 545 1142 discordiis
564 1086 692 1157 Populum
711 1087 863 1151 Romanum,
881 1104 961 1143 ceses
980 1086 1105 1157 legiones,

310 1168 435 1217 ireststam
447 1164 555 1229 Italiam,
569 1164 625 1235 capi
637 1182 693 1219 cum
706 1164 815 1220 maxime
826 1162 922 1229 arbem,
931 1181 1025 1219 omnes
1037 1182 1104 1219 exer·

309 1240 375 1295 citas
394 1241 446 1299 suis
464 1260 588 1311 quemque
606 1240 678 1297 bellis
696 1240 811 1297 detineri.
847 1240 875 1295 Si
887 1240 967 1310 Alpes
978 1241 1103 1310 presidiis

310 1316 448 1386 firmentur,
468 1318 559 1373 coalita
578 1318 703 1384 libertate,
724 1318 880 1388 dispectnras
901 1316 1008 1383 Gallias,
1028 1337 1102 1388 quem

264 1394 401 1451 56virium
425 1414 527 1451 suerum
551 1396 687 1451 terminum
706 1394 792 1450 velint.
829 1396 893 1449 Haec
915 1393 986 1450 dicta
1008 1396 1102 1464 pariter

311 1472 472 1543 probataque.
509 1472 549 1529 De
570 1472 683 1544 reliquiis
701 1471 834 1528 Vitelliani
851 1472 981 1529 exercitus
1004 1472 1101 1527 dubits·

310 1568 375 1605 vere.
411 1550 529 1623 Plerique
544 1550 730 1607 interficiendos
746 1548 889 1613 censebant,
907 1548 1036 1617 turbidos,
1047 1551 1100 1604 inb

285 1625 361 1691 udos,
379 1627 500 1697 sanguine
518 1627 620 1683 Ducum
637 1627 756 1698 pollutos.
793 1626 861 1683 Vicit
878 1626 945 1683 ratio
961 1628 1099 1696 pmendi:

308 1722 347 1767 ue,
365 1703 464 1759 sublata
482 1722 526 1775 spe
543 1704 630 1769 venie,
647 1703 812 1775 pertinaciam
826 1702 1004 1759 escenderent.
1041 1704 1100 1759 Alli-

308 1780 408 1835 ciendos
420 1782 505 1851 potius
516 1781 544 1837 in
554 1782 709 1839 societatem.
744 1780 851 1851 Legatis
861 1784 960 1837 tantum
969 1780 1099 1852 legionum

307 1857 455 1922 interfectis,
480 1861 598 1913 caeteram
622 1858 722 1930 ridges,
747 1857 901 1913 conscientia
923 1857 1052 1913 scelerum
1074 1868 1099 1913 et

283 1944 351 2005 espe
371 1934 538 2006 impunitatis,
553 1936 626 1991 facile
645 1954 813 1991 accessnrm
849 1936 889 1990 Ea
908 1935 984 2005 primi
1001 1937 1100 1991 consilii

306 2012 393 2069 forma.
430 2012 555 2085 Missique
573 2033 618 2085 per
636 2014 730 2070 Gallias
747 2013 889 2069 concitores
908 2012 977 2069 belli.
1014 2014 1097 2069 Simn-

305 2090 385 2147 latum
405 2090 468 2161 ipsis
488 2090 644 2163 obsequium,
662 2109 713 2162 qno
730 2090 896 2145 incautiorem
912 2089 1038 2145 Voculam
1057 2110 1097 2161 op

304 2169 449 2239 primereut,
485 2169 542 2223 Nec
554 2168 665 2233 defuere,
678 2168 722 2239 qui
733 2166 838 2222 Voculae
850 2166 1009 2222 nuntiarent.
1047 2168 1096 2223 Sed

305 2246 370 2301 vires
388 2245 421 2301 ad
438 2245 603 2303 coercendum
615 2244 727 2310 deerant,
740 2242 944 2315 infrequentibus
962 2243 1095 2315 infidisque

281 2322 452 2392 elegionibus.
491 2326 562 2379 Inter
573 2322 705 2393 ambiguos
717 2322 810 2377 milites
821 2325 849 2376 ct
866 2319 981 2375 occultos
999 2320 1092 2386 hostes,

303 2400 426 2467 optimum
443 2418 457 2455 e
469 2400 636 2471 presentibus
652 2404 732 2466 ratus,
744 2404 834 2455 mutua
849 2396 1052 2454 dissimulatione
1068 2405 1094 2453 et

301 2476 397 2540 iisdem,
411 2479 502 2547 quibus
514 2483 657 2549 petebatur,
669 2477 767 2533 artibus
779 2472 889 2547 grassari
900 2496 908 2541 ;
925 2470 954 2531 in
970 2474 1092 2531 orrloniam

276 2559 290 2604 5
302 2552 511 2623 Agrippinensem
520 2554 658 2611 descendit.
694 2554 760 2611 llluo
770 2552 891 2610 Claudius
901 2551 996 2616 Labeo,
1010 2570 1090 2623 quem,

300 2632 403 2699 ceptum
426 2635 452 2684 et
478 2636 551 2686 extra
573 2636 727 2687 conventum
750 2631 914 2686 amandatum
936 2630 966 2685 iu
987 2629 1090 2697 Frisios,

299 2706 416 2770 diximus,
435 2708 560 2776 corruptis
576 2708 724 2763 custodibus
745 2709 865 2780 perfugit
901 2706 1090 2781 Pollicitusquc,

299 2783 322 2837 si
340 2782 485 2853 praesidium
503 2783 614 2852 daretur,
631 2786 728 2840 iturum
745 2787 773 2840 in
790 2786 901 2840 Batavos
918 2793 947 2839 et
967 2785 1088 2855 potiorem

299 2859 409 2915 civitatis
422 2865 519 2931 partem
532 2860 564 2915 ad
579 2862 726 2917 societatem
743 2863 885 2917 Romanam
902 2865 1087 2928 retracturum

299 2942 401 3007 accepta
420 2937 534 3009 peditum
549 2939 713 3010 equitumque
731 2939 830 2998 modica
844 2958 929 3004 manu,
941 2938 1007 2995 nibil
1021 2940 1085 3010 apud
