2575 3592
210 462 229 498 Δ
248 460 268 498 D
283 458 325 506 ⁶⁹]
384 397 635 445 HISTORIARUM
654 396 705 447 111.
724 399 825 445 19-22.
955 398 999 445 11⁹

210 510 299 578 copias
311 511 455 579 coeteraque
465 508 525 563 usui
536 508 663 564 allaturos.
688 508 722 564 Id
730 525 789 564 vero
801 525 868 579 agre
876 506 1042 565 tolerante2l

208 586 300 650 milite,
312 603 391 655 prope
403 585 553 641 seditionem
567 591 679 651 ventum,
692 604 750 641 oum
762 584 888 655 progressi
902 584 1000 654 equites

208 662 259 717 sub
277 662 334 733 ipsa
356 663 448 717 moenia
464 681 542 734 sagos
561 681 593 717 ex
617 661 828 717 Cremonensibus
851 660 998 731 corripiunt,

209 756 320 809 quorum
340 738 433 794 indicio
450 740 564 795 noscitur
581 758 627 794 sex
643 738 793 793 Vitellianas
811 737 930 808 legiones,
948 755 1000 791 om·

207 833 320 885 nemque
342 816 484 870 exercitum
507 816 551 886 qui
573 815 692 870 Hostiliae
715 818 809 885 egerat,
831 832 861 869 eo
884 814 939 885 ipso
959 813 1000 869 die

207 892 319 962 triginta
340 892 418 947 millia
439 911 561 963 passuum
584 910 720 957 emensum,
744 894 873 962 comperta
896 909 999 945 suorum

208 968 283 1023 clade
305 969 333 1023 in
354 969 468 1039 pralium
492 969 588 1040 accingi
611 987 641 1024 ac
662 968 714 1038 jam
738 968 822 1023 affore.
865 968 893 1023 Is
916 971 1021 1021 terrort

208 1045 356 1100 obstructas
382 1050 480 1100 mentes
507 1045 617 1100 consiliis
646 1044 717 1101 ducis
745 1044 850 1114 aperuit.
904 1044 999 1099 Sistere

208 1122 314 1176 tertiam
326 1122 447 1177 dammam
458 1123 582 1194 legionem
593 1122 687 1192 inipso
699 1122 746 1177 viae
757 1120 894 1175 Postumia
906 1139 999 1193 aggere

206 1198 291 1269 jubet,
303 1199 346 1253 cui
356 1200 445 1269 juncta
456 1218 471 1252 a
482 1199 545 1253 lavo
554 1199 662 1269 septima
674 1196 795 1252 Galbiana
806 1196 903 1267 patenti
911 1214 999 1267 campo

209 1275 294 1339 stetit,
311 1274 370 1328 dein
387 1275 494 1345 septima
508 1275 653 1341 Claudiana,
670 1273 763 1345 agresti
780 1272 849 1327 fossa
866 1273 913 1342 (ita
927 1274 998 1329 locus

210 1352 288 1419 erat)
300 1352 462 1421 praemunita3
481 1352 571 1407 dextro
586 1355 677 1406 octava
693 1369 737 1421 per
753 1356 869 1421 apertum
884 1350 997 1415 limitem,

211 1444 274 1482 mox
290 1428 367 1482 tertia
383 1427 466 1483 densis
484 1429 593 1483 arbustis
610 1428 757 1499 intersepta.
793 1426 845 1481 Hic
860 1426 1021 1497 aquilarumt

212 1504 393 1575 signorumque
409 1505 487 1561 ordo:
504 1505 598 1560 milites
615 1504 689 1559 mixti
704 1522 749 1575 per
760 1502 884 1569 tenebras,
902 1506 932 1557 ut
946 1503 999 1557 fors

212 1581 323 1647 tulerat;
352 1582 530 1652 praetorianum
557 1581 677 1637 vexillum
705 1580 848 1651 proximum
874 1579 997 1645 tertianis,

211 1658 330 1713 cobortes
341 1658 491 1713 auxiliorum
502 1658 530 1713 in
540 1657 675 1724 cornibus3
693 1656 774 1712 latera
785 1674 815 1711 ao
826 1661 898 1729 terga
914 1656 999 1727 equite

210 1734 381 1801 obeundata3
400 1735 460 1789 Sido
477 1739 554 1806 atque
570 1734 684 1799 Italiors,
706 1734 789 1800 Saevi,
814 1752 871 1789 oum
895 1732 999 1789 delectis

210 1810 371 1881 popularium
381 1811 520 1882 primoriin
531 1812 584 1867 acie
592 1810 765 1866 versabantur.
802 1812 838 1865 At
847 1810 1043 1871 Vitelliauua22

210 1888 338 1943 exercitus
352 1888 405 1957 (cui
416 1889 573 1959 acquiescere
586 1888 723 1955 Cremona,
733 1892 767 1953 et,
777 1887 930 1958 recuperatis
942 1887 998 1942 cibo

211 1982 350 2035 somnoque
361 1965 464 2030 viribus,
477 1966 619 2020 conlectum
628 1965 713 2036 algore
725 1969 801 2035 atque
809 1964 891 2020 inedia
899 1964 997 2019 hostem

211 2044 315 2111 postera
330 2040 371 2096 die
388 2042 521 2113 profligare
538 2060 568 2097 ac
584 2060 704 2113 proruere
722 2042 787 2096 ratio
807 2042 876 2111 fuit)
896 2040 998 2111 indigus

212 2120 326 2182 rectoris,
338 2118 411 2189 inops
423 2119 530 2183 consilii,
544 2119 623 2175 tertia
635 2119 714 2173 ferme
728 2118 810 2173 noctis
824 2118 886 2172 hura
903 2118 997 2187 paratis

208 2192 265 2265 jam
284 2192 461 2267 dispositisque
477 2195 604 2250 Flavianis
620 2195 777 2267 impingitur.
813 2193 934 2249 Ordinem
954 2204 1020 2267 agn

212 2270 288 2328 minis
312 2271 411 2342 disjecti
433 2291 479 2343 per
502 2273 566 2327 iram
589 2290 619 2328 ac
640 2272 758 2327 tenebras
782 2288 924 2325 asseverare
947 2289 998 2327 nou

209 2348 301 2414 ausim,
314 2366 456 2420 quanquam
467 2349 510 2404 alii
520 2348 670 2405 tradiderint
683 2351 798 2420 quartem
809 2346 998 2403 Macedonicam

210 2424 302 2479 dextro
326 2442 428 2480 suorum
447 2444 535 2490 cornu,
554 2426 669 2496 quintam
687 2429 714 2479 et
735 2424 848 2495 quintam
868 2424 996 2491 decimam,

210 2518 269 2555 oum
280 2501 379 2556 vexillis
390 2520 463 2557 nona
479 2501 645 2573 secundaque
662 2506 689 2557 et
705 2502 829 2557 vicesimae
843 2502 998 2557 Britannica-

211 2594 268 2630 rum
279 2576 414 2649 legionum,
426 2578 535 2633 mediam
549 2578 635 2647 aciem,
652 2578 865 2634 sextadecimanos
880 2578 1000 2635 duodevi-

212 2653 399 2725 oesimanosque
422 2659 450 2710 et
473 2656 600 2725 primanos
630 2655 722 2710 larum
745 2673 824 2711 cornu
852 2656 996 2726 compldsse.

215 2730 327 2799 Rapaces
339 2736 415 2801 atque
427 2731 512 2786 Italici
523 2731 638 2787 omnibus
651 2750 679 2787 sc
690 2732 823 2802 manipulis
837 2733 1020 2793 miscuerants

215 2806 299 2875 Eques
321 2808 462 2879 auxiliaque
485 2808 606 2878 sibiipsi
631 2807 715 2870 locum
742 2808 833 2879 legere.
880 2807 998 2862 Proelium

210 2888 271 2936 tota
294 2889 369 2939 nocte
394 2886 500 2951 varium,
527 2902 628 2955 anceps,
656 2890 744 2951 atrox;
763 2885 811 2949 bis,
837 2900 925 2937 rursus
949 2882 998 2937 illis

211 2958 347 3016 exitiabile.
383 2962 456 3017 Nihil
473 2962 571 3016 animus
586 2964 631 3014 aut
649 2978 745 3025 manus,
762 2977 795 3015 ne
811 2957 879 3013 oculi
898 2958 998 3027 quidem
