2575 3592
318 744 350 802 0.
375 743 635 802 CORNELII
677 743 862 801 TACITI

351 920 398 971 AB
417 920 570 974 Excusso
588 919 669 973 DIVI
687 919 838 972 AUGUSTI

198 1069 985 1183 ursrouiauuu

452 1279 565 1333 LIBER
581 1277 729 1332 PRIMUS.

235 1547 355 1602 Imaum
380 1546 443 1601 mihi
469 1547 553 1617 operis
573 1547 676 1602 Servius
703 1547 782 1602 Galba
806 1547 898 1602 iterum
916 1547 1012 1605 Titusl

199 1625 294 1678 Vinius
318 1624 434 1679 consules
458 1629 541 1679 erunt.
577 1625 645 1678 Nam
669 1629 727 1695 post
752 1625 877 1678 conditam
901 1624 990 1678 urbem

199 1702 360 1772 octingentos
373 1705 399 1756 et
416 1702 506 1772 viginti
522 1702 612 1772 prioris
627 1701 675 1755 aevi
689 1720 766 1755 annos
783 1702 857 1756 multi
875 1706 989 1756 auctores

199 1780 351 1843 retulerunt,
365 1778 425 1832 dum
440 1786 482 1833 'res
494 1779 582 1849 populi
594 1777 703 1832 Romani
712 1779 922 1843 memorabantur,
937 1779 990 1848 pari

200 1856 346 1927 eloquentia
365 1874 395 1910 ao
412 1855 538 1910 libertate.
564 1857 703 1926 Postquam
722 1855 843 1910 bellatum
861 1855 927 1927 apud
941 1859 1011 1930 Act

198 1935 266 1988 tium
284 1937 361 2003 atque
377 1951 476 1987 omnem
494 1934 633 2002 potentiam
651 1933 683 1986 ad
701 1953 780 1986 unum
798 1933 905 1988 conferri
921 1933 989 2003 pacis

199 2010 325 2074 interfuit,
351 2028 441 2080 magna
463 2009 507 2063 illa
529 2010 632 2080 ingenia
655 2028 770 2076 cessere;
797 2010 872 2065 simul
895 2011 990 2064 veritas

199 2087 316 2158 pluribus
327 2086 408 2140 modis
423 2086 538 2151 infracta,
552 2087 660 2156 primum
677 2087 777 2141 inscitia
794 2087 832 2142 rei
843 2087 948 2157 publicae
960 2091 990 2142 ut

200 2165 296 2228 alienae,
306 2182 365 2218 mox
377 2163 480 2218 libidine
493 2163 637 2218 assentandi
648 2168 691 2217 aut
701 2183 788 2218 rursus
801 2163 858 2218 odio
871 2163 990 2218 adversus

200 2242 359 2296 dominantes
370 2263 376 2294 ε
395 2241 432 2294 ita
442 2241 541 2294 neutris
551 2259 612 2295 cura
622 2241 787 2312 posteritatis,
801 2241 868 2295 inter
879 2241 990 2296 infensos

199 2319 241 2373 vel
251 2318 380 2372 obnoxios.
399 2317 450 2371 Sed
459 2317 620 2372 ambitionem
632 2318 762 2388 scriptoris
774 2317 847 2372 facile
860 2319 1012 2386 averserisa

200 2395 354 2452 obtrectatio
370 2397 397 2449 et
413 2395 478 2449 livor
488 2395 574 2465 pronis
587 2395 690 2450 auribus
702 2394 875 2464 accipiuntur:
898 2397 990 2466 quippe

200 2472 341 2527 adulationi
361 2471 455 2528 foedum
476 2472 572 2526 crimen
593 2472 731 2536 servitutis,
754 2473 908 2543 malignitati
928 2474 991 2528 falsa

200 2551 298 2621 species
309 2549 433 2604 libertatis
449 2550 524 2604 inest.
560 2549 628 2603 Mihi
640 2548 720 2603 Galba
731 2549 799 2604 Otho
812 2551 930 2605 Vitellius
944 2557 1013 2605 need

200 2626 323 2682 beneficio
343 2646 392 2682 nec
409 2627 503 2698 injuria
521 2626 625 2698 cogniti.
662 2627 821 2697 Dignitatem
840 2632 955 2682 nostram
977 2647 992 2682 a

201 2704 360 2775 Vespasiano
382 2705 533 2769 inchoatam,
558 2723 574 2758 a
596 2703 655 2758 llto
676 2712 783 2768 auctam,
808 2723 823 2758 a
846 2705 992 2758 Domitiano

201 2781 303 2853 longius
328 2786 472 2852 provectam
498 2800 550 2835 uon
577 2780 723 2836 abnuerim:
754 2780 798 2836 sed
821 2782 992 2852 incorruptam

201 2859 278 2913 fidem
301 2859 423 2929 professis
446 2877 528 2928 neque
549 2875 634 2911 amore
659 2859 791 2928 quisquam
810 2861 836 2911 et
860 2857 914 2912 sine
934 2857 992 2910 odio

202 2935 325 2990 dicendus
337 2941 385 3000 est.
422 2935 522 2994 Quodsi
532 2935 586 2988 vita
598 2933 751 3004 suppeditet,
759 2934 928 3003 principatum
940 2933 1013 2985 divis

202 3014 298 3068 Ncruae
315 3017 341 3066 et
358 3013 491 3082 imperium
508 3010 619 3082 lbajani,
631 3009 773 3064 uberiorem
792 3009 993 3078 securioremque

240 3114 299 3150 rec,
308 3115 361 3143 rou.
374 3116 404 3144 ιι.
587 3107 604 3141 B
