2575 3592
182 481 213 520 Α
224 481 252 520 l).
260 480 303 529 m
379 416 630 467 HISTORIARUM
649 417 670 464 l.
688 419 789 468 82-84.
944 419 975 470 47

185 535 298 600 (neque
308 529 375 585 enim
396 529 481 601 plures
500 529 703 602 consternatione
722 530 837 620 prosimu
854 530 977 587 insanisse

183 607 360 682 crediderim)
373 608 528 664 centurionis
540 627 570 664 ac
580 607 677 664 tribuni
693 609 814 680 sanguine
830 627 920 665 manus
931 611 980 665 im

184 685 261 750 buet,
274 686 431 756 imperatoris
443 704 484 739 ιιι
476 685 656 740 tentorium
649 691 787 757 irrumpet.
760 687 792 740 ιΡ
811 686 865 742 Vos
877 687 978 760 quidem
985 684 1024 740 84

185 761 262 819 istud
279 780 326 833 pro
343 781 399 818 me.
424 761 494 816 sed'
486 781 514 817 ιι
535 763 651 836 discursu
669 781 698 818 ac
718 763 876 819 tenebriset
894 784 979 820 rerum

184 839 305 896 omnium
316 839 464 895 confusione
476 844 520 911 pat
508 840 589 895 ιιιιιι
605 841 704 894 occasio
719 840 795 895 etiam
807 841 927 898 adversus
939 861 980 898 me

186 921 286 989 potest.
322 917 349 972 Si
361 916 504 972 Vrtelboe
522 917 740 988 satellitibusque
753 917 861 990 eligendi
873 920 1003 975 facultast

186 994 270 1050 detur
287 1011 361 1064 quem
379 993 452 1049 nobis
470 994 588 1060 animum
607 1013 670 1065 quas
688 1002 785 1050 mentes
802 996 980 1072 imprecemur,

186 1071 256 1144 quid
273 1070 342 1126 aliud
358 1089 434 1142 quum
452 1070 601 1126 seditionem
620 1076 647 1126 et
665 1071 814 1128 discordiam
833 1078 878 1145 opt
866 1074 981 1130 ιιι.1ιιι

186 1149 307 1206 nemiles
316 1149 465 1214 centurioni,
473 1167 506 1203 ne
517 1149 744 1205 centuriotribuno
754 1149 915 1222 obsequatur,
923 1151 982 1206 bino

188 1221 295 1282 confusi
305 1225 403 1296 pedites
410 1225 706 1315 equitesqueinexitinm
719 1245 830 1283 ruamus.
866 1227 1005 1284 Pereudos

189 1302 289 1373 potius,
304 1301 495 1372 commilitones,
515 1321 590 1373 qnam
606 1303 712 1373 imperia
725 1303 818 1360 ducum
833 1304 984 1360 sciscitando

189 1397 237 1434 res
249 1378 370 1436 militares
381 1378 559 1446 continentur;
577 1383 604 1434 ιι
615 1379 794 1450 fortissimus'
787 1399 814 1436 m
825 1382 881 1472 ipso
897 1382 985 1438 discri-

190 1456 265 1511 mine
287 1456 383 1511 exercit
383 1474 414 1510 ιι
436 1460 483 1521 est,
506 1457 550 1527 qui
570 1461 630 1511 ante
649 1457 784 1512 discrimen
803 1459 876 1536 quiet
874 1459 983 1515 issimus.

191 1531 278 1588 Vobis
295 1550 365 1587 ιιιιι
382 1536 409 1588 ιι
431 1533 530 1588 animus
550 1533 599 1588 sit:
617 1533 680 1588 mihi
700 1535 870 1608 consiliumet
858 1537 1008 1592 ιιιιιιιιιι

191 1611 407 1683 vestraregrmen
415 1611 557 1683 rehnqurte
582 1611 725 1668 Paucorum
734 1613 870 1684 culpetur
851 1614 986 1670 tduorum

192 1690 336 1763 poenaerit.
361 1690 456 1746 Ceteri
467 1690 551 1746 abolet
539 1696 567 1746 ιι
578 1693 724 1748 memoriam
736 1692 879 1750 loedissime
887 1695 984 1751 noctis:
992 1706 1008 1753 ι

193 1786 246 1826 ιιι
257 1767 313 1824 illas
325 1767 445 1823 adverms
457 1773 574 1824 senatum
582 1787 657 1824 voees
669 1769 735 1825 ullus
744 1789 850 1842 usquam
860 1772 986 1828 exereitus

195 1844 294 1901 audiat.
329 1844 414 1916 Caput
425 1845 524 1917 imperii
535 1850 562 1901 et
574 1845 665 1902 deeora
679 1848 790 1904 omnium
802 1850 1010 1920 provinciarumt

196 1922 233 1978 ad
249 1940 347 2011 poenarn
364 1939 455 1978 vocare
471 1940 524 1978 nou
540 1923 642 1980 hercule
660 1924 704 1990 1111,
723 1943 786 1996 quos
805 1944 861 1981 cum
879 1927 988 1982 maxime

196 1998 345 2054 Vitellius
337 2017 364 2053 ιι
379 2017 427 2053 nos
438 2000 498 2065 ciet,
511 2000 631 2056 Germani
649 2001 766 2057 audeant.
802 2003 888 2059 Ulline
908 2004 1009 2062 Italas

197 2076 303 2142 alumni,
324 2080 351 2132 ιι
374 2076 490 2132 Romana
510 2096 569 2133 vere
589 2079 719 2150 juventus,
741 2079 773 2134 sd
793 2081 941 2153 sanguinem
961 2085 988 2136 ιι

198 2151 296 2213 caedem
306 2153 498 2224 depoposcerint
509 2154 630 2222 ordinem,
643 2157 716 2228 cujus
728 2157 859 2229 splendore
871 2163 898 2213 et
909 2158 990 2230 gloria

199 2229 289 2296 sordes
300 2241 328 2285 et
338 2230 520 2286 obscuritatem
531 2233 724 2288 Vitellianarum
739 2235 848 2305 partium
861 2236 990 2306 prestrin-

200 2308 306 2380 gimusl
325 2307 450 2363 Nationes
462 2308 559 2380 aliquas
570 2311 704 2381 occupavit
717 2311 862 2378 Vitellius,
855 2312 1011 2384 imaginent

201 2384 328 2456 quandam
340 2385 435 2440 exercit
436 2404 466 2440 us
423 2385 575 2441 tt=habe
548 2391 575 2441 t.
569 2392 668 2442 ·senat
669 2407 698 2442 ιι
656 2387 847 2444 tnobiscum
863 2395 910 2446 est.
948 2391 990 2448 Sic

201 2463 234 2518 fit
251 2466 282 2516 ut
299 2461 359 2518 binc
379 2461 546 2533 respublica,
563 2463 622 2518 inde
642 2465 729 2520 hostes
750 2465 787 2520 rei
805 2466 911 2538 publicu
931 2487 991 2524 con·

202 2538 324 2596 stiterint.
370 2538 460 2599 Quid?
483 2558 529 2594 vos
547 2540 742 2611 pulcherrimam
759 2542 824 2600 hanc
841 2545 928 2601 urbem
947 2545 991 2600 do-

203 2614 287 2672 mibus
310 2620 337 2670 et
355 2616 432 2672 tectis
453 2619 480 2671 et
500 2622 626 2688 congestu
643 2617 755 2689 lapidum
776 2627 844 2677 sture
867 2623 991 2680 creditis?

200 2695 281 2750 Muta
291 2692 343 2748 ista
357 2696 384 2747 et
401 2693 511 2748 inanima
525 2693 676 2750 intercidere
688 2713 718 2751 ιι
729 2699 839 2769 reparari
850 2700 993 2770 promiscua

205 2774 282 2824 sunt:
305 2770 434 2824 eternitas
455 2788 540 2825 rerum
560 2775 587 2826 et
606 2790 656 2842 pax
675 2773 789 2844 gentium
810 2779 836 2830 et
856 2794 912 2830 mea
935 2796 992 2833 oum

205 2851 292 2902 vestra
302 2846 370 2901 salus
382 2846 555 2903 incolumitate
573 2855 676 2904 senatus
688 2850 811 2907 firmatur.
846 2853 925 2907 Hune
937 2870 1032 2918 aus-10

205 2925 290 2996 picato
305 2942 321 2978 a
336 2928 441 2996 parente
456 2928 483 2980 et
497 2925 627 2982 conditore
643 2927 714 2983 urbis
731 2933 824 2983 nostru
839 2929 994 2998 institutum,

206 3006 234 3058 et
257 3020 275 3057 a
295 3001 400 3074 regibus
422 3002 557 3073 usquead
579 3003 705 3076 principes
729 3005 877 3061 continuum
899 3009 926 3060 et
949 3005 994 3059 irn-
