2575 3592
254 417 271 461 4
522 386 527 392 ’
589 413 709 462 sacrm

889 477 1044 527 mnam.

255 525 306 580 tari
317 525 384 580 lama
401 525 527 580 celebrata
544 527 667 580 severitas
684 526 739 596 ejus
754 525 863 596 angebat
878 537 1042 598 aspernantes

255 607 368 658 veterem
388 602 553 673 disciplinam,
572 607 649 674 atque
669 603 707 658 ita
728 602 920 674 quatuordecim
941 606 1045 660 annisa

257 680 362 735 Nerone
386 680 549 745 assuefactos,
571 684 602 735 ut
625 680 695 734 haud
712 681 795 734 minus
819 681 882 735 vitia
905 683 1046 753 principum

235 753 806 828 lamarentquamolimvirtutesverebantur.
836 759 952 814 Accessit
961 760 1046 816 Galbae

256 853 307 889 vox
320 853 366 906 pro
378 853 406 889 re
417 835 519 906 publica
529 835 646 901 honesta,
659 835 709 905 ipsi
721 853 820 904 anceps,
840 835 891 906 legi
907 855 923 890 a
938 855 966 891 se
983 837 1046 892 mili·

256 915 317 977 tem,
329 931 382 966 non
393 912 450 967 emi.
486 912 543 967 Nec
555 912 621 966 enim
634 911 666 966 ad
678 913 743 968 hano
755 913 861 967 formam
872 917 957 968 cetera
966 919 1044 969 crant.

233 988 401 1044 6lnvalidmn
413 1007 498 1043 senem
511 989 585 1043 'litus
597 989 691 1044 Vinius
704 993 730 1044 et
748 989 880 1044 Cornelius
892 990 970 1056 Lace,
984 991 1047 1046 alter

257 1064 408 1120 deterrimus
420 1065 573 1131 mortalium,
586 1066 651 1121 alter
662 1066 848 1137 ignavissime,
866 1066 924 1122 odio
940 1067 1047 1139 flagitio-

235 1147 454 1198 2rumoncratum
463 1144 717 1214 contemptuinertiac
726 1143 899 1199 destruebant.
936 1144 1047 1199 Tardum

258 1219 344 1274 Calbaa
360 1220 410 1274 iter
428 1223 455 1274 et
471 1224 613 1286 cruentum,
632 1221 774 1275 intersectis
792 1221 914 1292 Cingonio
933 1223 1047 1277 Varrone

257 1297 361 1352 consule
373 1296 505 1366 designato
517 1302 544 1352 et
555 1297 678 1352 Petronio
687 1297 833 1367 Turpiliano
842 1297 985 1360 consulari:
1005 1299 1046 1354 ille

257 1377 288 1428 ut
300 1374 450 1445 Nymphidii
461 1375 553 1439 socius,
566 1374 608 1428 hic
619 1377 649 1428 nt
662 1373 715 1428 dux
723 1373 842 1438 Neronis,
853 1375 961 1430 inauditi
970 1379 1046 1446 atquc
1142 1421 1143 1428 ,

236 1451 382 1515 gindefensi
398 1454 520 1522 tanquam
537 1452 684 1505 innocentes
702 1451 838 1521 perierant.
874 1451 1002 1508 introitus
1019 1453 1047 1508 in

193 1594 198 1600 ¹
258 1527 346 1582 urbem
358 1529 491 1584 trucidatis
503 1532 544 1582 tot
556 1527 666 1582 millibus
683 1527 816 1582 inermium
828 1527 938 1583 militum
950 1529 1047 1584 inlaus-
1142 1571 1143 1608 ἶ

257 1609 301 1660 tus
313 1606 404 1674 omine,
417 1610 493 1676 atque
505 1605 567 1676 ipsis
583 1605 661 1660 etiam
679 1605 723 1676 qui
741 1605 884 1661 occiderant
903 1607 1047 1662 lormidolo·
1142 1615 1143 1648 ἲ

235 1700 310 1749 4sus.
346 1682 457 1737 Inducta
471 1682 570 1754 legione
588 1682 713 1754 Hispana,
729 1687 874 1738 remanente
890 1701 921 1738 aa
938 1703 1012 1754 quarn
1029 1703 1046 1754 e
1142 1727 1143 1738 ,

257 1759 338 1814 classe
349 1760 421 1814 Nem
433 1760 625 1830 conscripserat,
641 1759 717 1831 plena
733 1759 794 1814 urbs
807 1761 922 1815 exercitu
933 1761 1045 1818 insolito.
1142 1809 1143 1828 ,

235 1836 337 1902 ,Multi
344 1837 376 1891 ad
385 1837 433 1892 hoc
441 1837 540 1891 numeri
549 1855 563 1891 e
571 1837 706 1892 Germania
715 1855 744 1892 ac
755 1837 889 1892 Britannia
897 1844 923 1893 et
933 1839 1043 1911 Illyrico,
1142 1835 1143 1902 l

257 1932 321 1983 quos
332 1913 400 1969 idem
412 1914 483 1968 Nero
495 1914 590 1968 electos
602 1915 796 1985 praemissosquc
812 1915 845 1970 ad
861 1915 973 1970 claustra
985 1916 1046 1971 Cas·
1070 1916 1073 1924 ’
1142 1911 1143 1918 ’

256 1991 355 2059 piarum
367 1996 393 2046 et
405 1991 500 2046 bellum
512 1990 742 2061 quodinAlbanos
752 1992 864 2062 parabat,
875 1993 1046 2063 opprimendis
1142 1981 1143 2048 l

256 2067 372 2123 Vindicis
379 2069 469 2139 ooeptis
476 2073 649 2123 revocaverat:
670 2069 759 2140 ingens
766 2070 838 2123 novis
846 2069 922 2124 rebus
931 2071 1046 2137 materia,

255 2149 286 2199 ut
307 2164 359 2200 uon
381 2145 409 2200 in
431 2165 512 2200 unum
536 2146 645 2216 aliquem
668 2165 748 2217 prono
772 2147 865 2212 favore,
884 2147 922 2202 ita
942 2147 1047 2202 audenti

234 2227 351 2310 pparata.
387 2223 465 2277 Forte
483 2226 635 2293 congruerat
653 2231 682 2278 ut
702 2222 784 2278 Clodii
801 2224 884 2278 Macri
901 2228 927 2278 et
945 2225 1048 2280 Fonteii

257 2298 388 2369 Capitonis
400 2299 480 2354 caedes
489 2299 676 2354 nuntiarentur.
712 2300 829 2354 Macrum
844 2301 871 2354 in
879 2301 967 2356 Africa
978 2301 1048 2356 haud

256 2375 333 2430 dubie
344 2375 492 2431 turbantem
503 2376 643 2431 Trebonius
655 2377 809 2432 Garutianus
817 2385 965 2448 procurator
971 2379 1048 2450 jussu

257 2453 351 2518 Galbae,
365 2454 515 2524 Capitonem
531 2454 558 2508 in
575 2454 717 2520 Germania,
733 2473 791 2509 cum
808 2455 901 2510 similia
914 2461 1045 2526 coaptaret,

257 2531 390 2586 Cornelius
411 2532 529 2602 Aquinus
552 2536 579 2586 et
597 2531 691 2586 Fabius
710 2532 803 2588 Valens
821 2533 900 2605 legati
918 2533 1047 2606 legionum

228 2635 243 2681 2
256 2609 444 2674 interfecerant,
458 2614 592 2680 antequam
606 2609 765 2680 juberentur.
802 2610 884 2665 lbere
900 2611 944 2682 qui
961 2611 1049 2666 oredo-

255 2691 313 2740 rent
326 2686 475 2757 Capitonem
486 2690 517 2740 ut
529 2687 636 2740 avaritia
648 2691 674 2740 et
690 2687 793 2742 libidine
805 2688 901 2743 foedum
918 2707 947 2742 ac
963 2707 1048 2742 macu·
1142 2737 1143 2740 ,

255 2762 344 2830 losum,
362 2765 399 2818 ita
411 2764 565 2835 cogitatione
576 2783 662 2818 rerum
673 2783 795 2820 novarum
813 2765 965 2820 abstinuisse
975 2788 982 2832 ;
1001 2765 1048 2820 sed

256 2859 273 2894 a
283 2841 373 2912 legetis
385 2840 479 2895 bellum
491 2840 662 2907 suadentibus,
676 2846 811 2913 postquam
820 2842 948 2914 impellere
957 2843 1048 2914 nequi·
1142 2879 1143 2906 ,

258 2918 347 2981 verint,
361 2919 455 2972 crimen
467 2937 496 2972 ac
508 2917 592 2972 dolum
609 2918 677 2974 ultro
695 2921 877 2990 compositum3
897 2924 923 2975 et
941 2919 1048 2975 Galbam
1142 2919 1143 2974 ζ

256 2994 398 3050 mobilitate
417 2994 520 3066 ingenii,
544 3013 577 3051 an
600 3015 633 3051 ne
657 2996 733 3053 altius
754 3001 919 3064 scrutaretur,
944 3015 1048 3070 quoquo
