2575 3592
346 760 379 820 C.
400 760 642 819 CORNELII
684 760 857 829 TACITI

558 939 642 991 VITA

225 1087 462 1177 JULII
520 1087 977 1177 AGRICOLAE.

243 1403 397 1459 Cunnonurr
408 1403 519 1458 virorum
534 1405 603 1458 faota
613 1422 746 1475 moresque
762 1403 870 1474 posteris
883 1404 1017 1471 truderet

212 1480 354 1552 antiquitus
377 1475 508 1544 usitatum,
532 1499 565 1535 ne
587 1480 681 1534 nostris
711 1480 810 1551 quidem
828 1481 991 1551 temporibus,

207 1575 349 1627 quanquam
360 1557 486 1611 incuriosa
497 1575 607 1622 suorum,
616 1568 678 1611 aetas
689 1557 781 1622 omisit,
792 1557 892 1628 quoties
902 1576 993 1628 magna

207 1633 291 1704 aliqua
302 1651 331 1687 no
343 1633 432 1687 nobilis
447 1634 528 1687 virtue
544 1633 605 1688 vicit
622 1651 651 1688 ao
667 1651 829 1704 supergressa
841 1640 880 1688 est
892 1633 990 1700 vitium,

206 1710 291 1781 porris
314 1710 460 1780 magnisque
487 1709 632 1764 civitatibus
662 1727 799 1774 commune,
824 1710 992 1780 ignorantiam

206 1787 271 1842 reoti
289 1791 315 1841 et
333 1786 459 1840 invidiam.
496 1785 546 1840 sed
564 1785 632 1856 apud
655 1786 752 1856 priores
769 1793 799 1840 ut
817 1805 891 1858 agere
915 1786 992 1858 dignu

205 1866 346 1917 memoratu
357 1881 464 1933 pronum
475 1863 604 1934 magisque
614 1863 642 1917 in
654 1868 742 1932 aperto
760 1867 822 1928 erat,
835 1864 872 1917 ita
884 1863 991 1918 celeber·

204 1940 283 1995 rimus
292 1940 400 2010 quisque
407 1939 509 2010 ingenio
517 1939 550 1994 ad
558 1939 712 2010 prodendam
723 1941 826 1995 virtutis
835 1941 989 2006 memoriam,

205 2017 259 2072 nine
282 2017 365 2088 gratie
380 2019 427 2070 eut
450 2016 593 2084 ambitione,
611 2016 684 2072 bonae
706 2021 806 2071 tantum
831 2017 991 2072 conscientie

205 2093 287 2160 pretio
299 2092 444 2147 ducebatur.
480 2094 519 2148 Ac
531 2093 644 2163 plerique
657 2111 728 2147 suam
740 2093 790 2162 ipsi
800 2092 876 2148 vitam
888 2107 1013 2152 narrare3

205 2167 322 2222 fiduciam
347 2169 433 2238 potius
461 2187 560 2223 morum
584 2187 659 2238 quam
682 2169 851 2240 arrogantiam
874 2168 991 2224 arbitrati

205 2249 284 2310 sunt3
301 2262 347 2298 neo
363 2244 390 2299 id
406 2245 505 2300 Rutilio
521 2250 547 2299 et
566 2245 661 2299 Sonnro
673 2245 737 2298 eitra
748 2245 822 2300 fidem
834 2248 879 2300 aut
891 2244 990 2300 obtrec-

203 2319 297 2375 tationi
309 2320 365 2375 fnit.
400 2321 473 2376 Adeo
488 2321 597 2377 virtutes
614 2320 704 2375 iisdem
721 2320 877 2391 temporibus
893 2321 989 2391 optime

201 2396 368 2463 estimantur,
381 2397 472 2468 quibus
489 2397 606 2452 iaoiliimo
622 2398 769 2468 gignuntur.
805 2399 841 2452 At
854 2416 920 2453 nuno
931 2407 1013 2454 uer-4

202 2477 292 2527 raturo
308 2473 370 2527 mihi
386 2475 465 2528 vitam
488 2474 601 2529 defuncti
618 2475 725 2528 hominis
743 2474 816 2529 venia
833 2492 897 2543 opus
921 2474 970 2529 init
979 2497 987 2542 ;

203 2568 279 2620 quam
296 2567 348 2604 non
364 2552 491 2620 petissem,
514 2551 675 2605 inousatmus
692 2555 745 2606 tam
763 2569 829 2606 seva
846 2556 872 2605 et
895 2552 988 2606 intesta

202 2625 341 2680 virtutibus
358 2631 480 2696 tempore
516 2627 643 2698 Legimus,
662 2645 720 2682 oum
744 2627 856 2682 Aruleno
880 2628 1015 2683 rusticor

202 2702 291 2757 Paetrm
308 2703 425 2768 Timeo,
443 2704 571 2758 Herennio
590 2703 721 2759 Senecioni
736 2704 839 2760 Priscus
851 2703 987 2759 Helvidius

201 2777 299 2833 laudati
321 2785 413 2844 essent,
438 2780 545 2850 capitale
568 2781 655 2847 fusse,
677 2799 759 2852 neque
783 2781 809 2835 in
826 2781 895 2851 ipsos
912 2779 987 2835 modo

201 2859 327 2922 auctores,
339 2856 382 2911 sed
394 2857 423 2911 in
431 2857 511 2911 libros
523 2875 623 2928 qnoque
635 2875 723 2912 eorum
735 2858 857 2921 saevitum,
871 2855 987 2928 delegato

201 2931 341 2988 triumviris
357 2932 503 3000 ministerio,
521 2939 551 2988 ut
569 2940 732 2990 monumenta
744 2933 937 2989 clarissimorum
949 2933 987 2986 in-
