2575 3592
314 421 362 469 auo
624 392 783 472 'auersus

317 535 453 592 sanctitate
465 535 572 608 quadam
582 555 614 592 ac
624 534 775 591 verecundia
789 533 955 606 temperabat.
992 535 1113 592 811001·-
1145 597 1146 612 p

317 613 408 668 neliam
429 614 606 678 Gracchorum,
627 613 664 668 sic
683 612 812 668 Aureliam
830 613 945 680 (lassaris,
966 613 1003 667 sic
1022 615 1114 670 Atiam
1145 613 1146 684 l

318 690 430 760 Augusti
441 695 548 744 matrem
560 690 690 760 praeluisse
702 689 901 752 educationibus,
915 707 944 744 so
955 689 1112 760 produxisse

297 767 443 838 tpriucipes
459 767 551 822 liberos
564 767 720 838 'accepimns
757 766 822 825 Qua
843 765 974 838 disciplina
991 785 1020 821 ac
1037 783 1113 822 seve-

316 843 380 897 ritas
402 863 433 898 eo
456 843 607 914 pertinebat,
631 847 661 898 ut
685 843 783 898 sincera
806 847 831 898 et
860 843 960 913 integra
982 848 1009 898 et
1032 845 1111 900 nullis

316 920 484 990 pravitatibus
496 919 597 974 detorta
609 921 685 974 nnius
698 923 821 991 cujusque
839 925 931 974 natura
948 924 1004 974 toto
1019 923 1111 978 statim
1145 985 1146 990 η

316 1001 419 1067 pectora
435 997 557 1068 arriperet
572 1001 641 1052 artas
657 997 783 1063 honestas,
800 1000 833 1060 et,
853 997 906 1051 sive
924 996 956 1050 ad
973 1015 1025 1051 rem
1043 998 1111 1053 mili·
1145 1009 1146 1062 1

316 1080 404 1141 tarem,
428 1074 481 1128 sive
504 1073 535 1128 sd
557 1075 622 1145 juris
651 1073 790 1138 scientiam,
816 1073 869 1127 sive
897 1073 928 1128 ad
956 1073 1109 1143 eloquentia
1145 1065 1146 1098 l

315 1150 430 1280 {todium
452 1151 606 1218 inclinisset,
628 1150 656 1206 id
679 1150 761 1206 solum
788 1155 883 1221 ageret,
906 1150 934 1205 id
960 1151 1109 1206 universum

334 1228 436 1282 auriret.

271 1303 309 1358 29
325 1353 328 1357 .
351 1306 410 1359 “At
426 1323 494 1359 nunc
511 1307 586 1360 natus
600 1304 683 1360 inians
696 1302 827 1374 delegatur
839 1303 960 1358 Graculsc
972 1303 1047 1358 alicui
1062 1323 1108 1360 an·
1145 1339 1146 1342 =

314 1379 384 1449 sillae,
396 1382 439 1436 cui
450 1381 598 1453 adjungitur
614 1399 680 1436 nnus
693 1386 737 1434 aut
754 1380 819 1434 alter
834 1398 866 1435 ex
882 1381 998 1436 omnibus
1015 1383 1104 1448 servis,
1145 1417 1146 1422 =

314 1457 462 1528 pleramque
477 1459 619 1523 vilissimus,
635 1476 682 1512 nec
696 1457 813 1528 cuiquam
831 1457 897 1511 ssrio
912 1457 1052 1514 ministerio
1064 1477 1107 1514 ac-
1145 1481 1146 1486 ¹

313 1535 493 1590 commodatus.
529 1536 630 1590 Horum
641 1534 733 1589 fabulis
745 1537 773 1588 et
785 1533 911 1588 erroribus
923 1535 1005 1589 teneri
1017 1537 1106 1592 statim

313 1614 340 1665 ct
351 1611 428 1666 rudes
439 1612 516 1666 animi
527 1612 691 1678 imbuuntur3
709 1629 756 1665 nea
768 1611 902 1681 quisquam
917 1610 945 1664 in
958 1616 1014 1666 tota
1029 1612 1105 1668 domo

314 1689 385 1758 pensi
401 1689 485 1753 habet,
505 1689 566 1760 quid
582 1708 666 1744 coram
684 1688 781 1742 infante
797 1687 897 1742 domino
913 1693 958 1742 aut
974 1688 1041 1744 dicat
1058 1696 1104 1745 aut

291 1764 396 1822 aiaciat.
433 1766 504 1825 Quin
520 1766 597 1821 etiam
614 1765 663 1836 ipsi
680 1771 797 1836 parentes
816 1783 863 1820 nec
881 1765 1003 1835 probitati
1021 1785 1104 1838 neque

314 1842 442 1898 modestia
460 1843 577 1912 parvulos
595 1843 772 1906 assuefaciunt,
795 1841 840 1896 sed
859 1841 967 1897 lasciviae
988 1847 1014 1898 et
1035 1843 1104 1898 dica·

314 1918 395 1981 citati,
419 1937 465 1989 per
488 1938 544 1989 qua
567 1919 687 1990 paulatim
710 1917 867 1988 impudentia
890 1918 978 1990 irrepit
1007 1923 1033 1974 st
1060 1923 1103 1978 sai

290 1996 435 2068 talienique
453 2001 621 2068 contemptus.
657 1997 716 2050 Jam
730 2013 789 2050 vcro
807 1997 907 2067 propria
923 2005 949 2051 et
967 1998 1103 2068 peculiaria

311 2073 387 2144 liujus
408 2073 478 2128 urbis
498 2074 560 2129 vitia
580 2092 653 2145 panc
673 2073 700 2128 in
719 2078 793 2128 utero
813 2073 900 2128 matris
922 2075 1017 2145 concipi
1038 2077 1102 2133 mihi

309 2151 435 2216 videntur,
449 2151 603 2206 histrionalis
618 2151 689 2205 favor
703 2155 729 2206 st
746 2150 912 2222 gladiatorum
929 2167 1101 2224 equorumque
1145 2181 1146 2202 1

310 2228 409 2295 studia3
428 2228 518 2300 quibus
528 2234 666 2300 occupatus
675 2233 701 2283 et
713 2228 831 2283 obsessus
843 2228 940 2282 animus
950 2231 1101 2300 quantulam
1145 2235 1146 2264 ³

308 2304 357 2359 loci
378 2305 450 2360 bonis
471 2306 567 2360 artibus
585 2306 724 2376 relinquit?
750 2305 865 2364 Quotam
886 2323 1010 2376 quemque
1030 2307 1100 2362 inve·
1145 2359 1146 2374 ,

309 2382 384 2447 neris,
403 2383 447 2453 qui
465 2382 534 2437 domi
548 2383 685 2454 quidquam
702 2381 770 2436 aliud
785 2382 922 2453 loquatur?
948 2383 1020 2442 Quos
1037 2384 1100 2441 alios

309 2458 551 2514 adolescentulorum
567 2477 694 2514 sennoucs
710 2459 856 2529 excipimus,
875 2458 897 2512 si
913 2460 1013 2529 quaudo
1030 2462 1099 2516 audi·

286 2535 374 2594 storin
389 2536 559 2591 intravimus?
585 2536 642 2591 Nec
659 2541 827 2606 preceptores
845 2535 945 2606 quidem
962 2537 1026 2590 ullas
1044 2555 1099 2594 cre-
1145 2589 1146 2594 ,

308 2611 403 2667 briones
415 2630 472 2667 cum
488 2613 646 2668 auditoribus
659 2613 711 2667 suis
727 2612 824 2667 fabulas
840 2613 948 2668 habeutz
974 2614 1098 2686 colligunt

307 2690 373 2744 anim
394 2689 528 2760 discipulos
549 2709 600 2745 non
620 2691 755 2744 severitate
778 2689 915 2760 disciplina
935 2709 982 2746 nec
1001 2691 1099 2764 ingenii
1145 2697 1146 2756 ζ

227 2775 235 2785 ”
307 2767 486 2836 experimento,
506 2767 552 2822 sed
572 2767 708 2822 ambitione
727 2766 907 2820 salutationum
926 2772 953 2822 ct
973 2767 1097 2824 illecebris

306 2842 464 2899 adulationis.
1145 2847 1146 2876 ³

261 2931 301 2986 30
340 2920 473 2976 “Transeo
496 2920 577 2992 prima
598 2920 749 2975 discentium
767 2919 896 2986 elementa,
915 2920 1050 2992 inquibus
1068 2927 1096 2978 ct
1145 2927 1146 2930 ’

305 2993 367 3064 ipsis
377 3014 466 3066 parom
482 2997 625 3064 laboratur;
650 3013 697 3053 nec
711 2998 739 3053 in
754 2997 899 3054 auctoribus
915 2999 1095 3070 cognoscendis
