2575 3592
207 472 227 511 Δ
245 470 267 511 D
282 470 324 520 w]
387 406 638 461 HISTORIARUM
657 408 700 457 1v.
718 410 821 456 80-83.
957 409 1001 456 211

207 522 314 577 moeros
326 522 388 578 iore.
424 523 510 595 Igitur
521 522 702 592 Vespasianus,
717 523 811 578 euuotn
828 518 937 578 fortune
949 526 1028 577 suan

209 602 296 669 patere
311 604 382 656 ratus
400 620 448 657 nee
464 600 600 671 quiequam
617 599 686 654 ultra
701 596 855 663 incredibile,
874 595 932 653 lato
948 598 1003 667 ipse

207 676 291 741 vultu,
308 682 392 733 ereata
404 697 461 750 quan
477 676 595 733 adstabat
611 674 783 740 multitudine,
798 674 871 745 jussa
886 675 1004 745 exsequi-

207 756 259 807 tur.
297 754 390 810 Statim
406 773 529 812 conversa
540 752 572 809 nd
584 772 660 811 usum
675 770 815 816 mannaan
831 770 898 808 eaeo
909 752 1032 808 reluxit?

206 829 271 887 dies.
307 832 461 903 Utrumque,
479 831 523 903 qni
541 830 687 895 interfuere,
704 848 772 885 nune
793 847 893 902 quoque
909 847 1004 885 memo

205 912 275 973 rant,
288 914 424 981 postquam
436 908 533 967 nullum
544 907 675 963 mendacio
687 906 805 978 pretinm.

243 985 329 1041 Altior
339 985 398 1043 inde
411 986 567 1057 Vespasiano
577 984 669 1055 cupido
681 982 790 1040 adeundi
799 1001 896 1039 suornm
907 982 1001 1051 sedem,
1013 982 1050 1039 82

205 1067 238 1119 ut
249 1082 328 1134 super
339 1063 415 1121 rebus
427 1064 525 1135 imperii
538 1062 691 1119 consuleret.
721 1062 811 1119 Areeri
818 1062 915 1133 templo
927 1080 1003 1117 euno-

205 1143 249 1197 tos
271 1140 354 1211 jubet.
391 1142 478 1212 Atque
499 1142 630 1213 ingressus
653 1140 819 1209 intentusque
836 1140 941 1204 numini,
966 1146 1027 1199 ret

207 1218 293 1288 spexit
308 1236 374 1289 poue
391 1223 491 1290 tergum
506 1236 520 1273 e
537 1217 689 1289 primoribus
705 1216 886 1287 AEgyptiorum
903 1218 1004 1274 nomine

206 1294 347 1363 Basiliden,
363 1314 439 1366 quem
454 1296 544 1367 prooud
559 1294 713 1355 Alexandria
728 1294 836 1365 plurium
850 1292 948 1352 dierum
963 1295 1004 1350 iti-

206 1390 269 1427 nere
287 1377 314 1427 et
332 1391 402 1444 aegro
420 1391 523 1444 corpore
542 1372 650 1429 detineri
673 1370 742 1427 haud
765 1370 905 1443 ignorabat.
941 1372 1027 1428 Per-³

208 1453 347 1505 annemtur
365 1450 510 1507 sacerdotes
530 1469 592 1507 num
611 1449 655 1503 illo
675 1449 716 1506 die
736 1448 861 1507 Bnfflda
880 1448 1004 1520 templum

207 1526 317 1593 inisset;
336 1533 518 1597 percunctetur
538 1526 626 1585 obvios
649 1545 711 1583 uum
731 1526 759 1582 in
778 1526 841 1583 urbe
861 1525 932 1581 visus
953 1526 1002 1582 sit:

206 1602 325 1675 deniqne,
345 1604 429 1661 missis
449 1604 588 1676 equitibus,
608 1603 724 1674 explorat
743 1604 787 1661 illo
807 1603 929 1675 temporis
950 1622 1004 1660 mo

207 1684 296 1737 mento
305 1682 435 1753 oetog'mta
447 1682 559 1741 millibus
571 1700 692 1753 passuum
704 1680 822 1740 abfuisse.
858 1681 930 1738 Tune
942 1681 1003 1737 divi-

206 1776 267 1815 nam
292 1760 402 1831 speeiem
427 1762 454 1815 et
478 1760 530 1818 vim
556 1760 673 1830 responsi
696 1778 729 1819 ea
752 1761 855 1818 nornine
883 1758 1002 1815 Basilidis

206 1835 392 1906 interpretatus
400 1840 449 1894 est.
485 1836 565 1907 Origo
577 1836 618 1894 dei
626 1836 739 1896 noudum
749 1837 844 1894 uostris
856 1836 1001 1894 auctoribus
1010 1837 1048 1890 83

209 1912 352 1971 eelebrats:
371 1913 549 1985 egyptiorum
568 1914 697 1972 antistites
711 1915 747 1974 sie
764 1919 920 1982 memorant;
939 1915 1001 1972 Pto-

209 1990 298 2047 lemno
315 1990 378 2063 rogi,
396 1990 440 2061 qni
458 1990 628 2049 Macedonum
645 1992 742 2063 primns
759 1992 866 2064 AEngti
880 2010 943 2064 opes
959 1993 1002 2050 fir-

209 2068 296 2133 mavit,
307 2087 365 2127 enm
377 2068 536 2127 Alexandriae
544 2088 632 2125 reeens
641 2070 749 2127 eonditae
758 2070 850 2128 menia
857 2070 1003 2141 templaque

209 2148 237 2200 et
263 2145 397 2217 religiones
424 2146 535 2212 adderet,
564 2146 677 2204 oblatum
702 2165 750 2218 per
775 2147 887 2218 quietem
913 2146 1003 2203 decore

209 2221 303 2279 eximio
324 2226 350 2280 tt
368 2223 463 2293 majore
483 2242 558 2294 qnam
579 2223 689 2280 humana
708 2224 792 2294 speeie
808 2226 937 2293 juvenem,
959 2224 1003 2296 qui

208 2302 326 2357 moneat
349 2302 386 2367 ut,
407 2300 536 2361 fidissimis
560 2300 699 2358 amicorum
722 2300 750 2359 iu
773 2300 886 2355 Pontum
910 2300 1001 2367 missis,

209 2375 319 2447 effigiem
334 2394 406 2435 suam
422 2376 530 2436 antiret:
548 2375 635 2437 latum
651 2376 678 2431 id
693 2394 780 2448 reguo,
793 2395 960 2449 magnamque
976 2384 1003 2439 et

208 2452 324 2511 inolitam
348 2452 433 2512 aedem
457 2453 520 2519 fore,
546 2472 602 2525 quaa
627 2454 777 2524 excepisset.
814 2454 896 2511 Simul
920 2457 1003 2513 visum

211 2531 319 2589 eundem
334 2530 453 2601 juvenem
468 2531 495 2585 in
511 2530 599 2591 calum
614 2530 674 2603 igne
689 2531 798 2603 mudum
815 2532 905 2589 attolli.
940 2534 1028 2591 Pto-2

211 2605 320 2676 lerneus,
332 2606 415 2667 omine
428 2610 455 2666 et
466 2608 586 2664 miraculo
602 2609 709 2675 sumtus,
722 2608 895 2668 saoerdotibns
906 2611 1003 2683 AEgyp

211 2684 313 2749 tiorum,
333 2682 426 2755 quibus
444 2702 501 2743 mos
523 2684 584 2741 talia
604 2686 753 2758 intelligere,
775 2692 912 2747 nocturnos
933 2689 1003 2743 visus

211 2760 301 2829 aperit.
337 2763 423 2833 utque
435 2761 485 2821 illis
502 2762 579 2817 Ponti
590 2766 616 2819 et
632 2767 797 2821 externorum
808 2784 898 2836 parum
909 2766 1002 2836 guaris,

212 2837 373 2895 Timotheum
384 2838 567 2899 Atheniensem
585 2858 599 2895 e
611 2846 688 2912 gente
699 2840 914 2913 Eumolpidarum,
928 2860 1001 2912 quem

211 2919 242 2969 ut
254 2914 394 2973 antistitem
407 2917 604 2976 carimoniamm
616 2918 736 2979 Eleusine
745 2920 879 2985 exciverat,
890 2936 1003 2989 quanam

212 2990 256 3049 illa
276 2993 432 3063 superstitio,
454 2994 522 3066 quod
541 3014 642 3063 numen,
664 2997 813 3071 interrogat.
849 2995 1027 3065 Timotheum
