2575 3592
344 712 376 768 C.
400 706 648 768 CORNELII
686 706 861 767 TACITI

355 860 402 915 AB
420 856 576 913 EXGESSU
592 857 677 913 DIVI
695 855 851 915 AUGUSTI

210 999 998 1093 HisTORIARUM

452 1172 564 1229 LIBER
583 1172 756 1233 QUINTUS.

246 1440 375 1499 mansa
393 1440 452 1495 anni
471 1440 594 1513 principio
615 1442 698 1497 (isesar
720 1439 803 1506 ditus,
823 1438 999 1517 perdomandc
1006 1380 1071 1497 ire.

209 1516 309 1573 Judaeae
331 1516 412 1573 deleet
400 1522 443 1573 tus
463 1536 478 1572 a
497 1522 576 1591 petre,
597 1521 624 1573 et
633 1517 750 1607 'privatis
771 1517 905 1588 utriusque
923 1503 1067 1595 meusim·

209 1582 283 1650 milii
263 1598 300 1650 tra
318 1594 408 1660 clerus,
428 1598 523 1665 majore
543 1600 599 1650 tum
612 1595 640 1650 vi
656 1580 772 1667 famaque
788 1594 887 1670 agebat,
904 1600 1003 1650 certan-
1021 1560 1067 1644 td?

209 1671 279 1727 tibus
291 1671 475 1743 provinciarum
489 1676 516 1727 et
528 1672 688 1729 exercituum
703 1671 802 1727 studiis.
838 1670 948 1743 Atque
940 1688 1023 1743 ipses

208 1753 239 1805 ut
252 1768 330 1839 super
346 1742 477 1804 fortunam
497 1749 611 1805 crederet
599 1756 652 1819 t,ur
668 1750 787 1805 decorum
801 1767 830 1805 se
846 1752 1005 1820 promptum-

209 1845 259 1899 que
280 1826 308 1882 in
329 1826 405 1881 armis
425 1826 590 1900 ostendebat
564 1827 726 1883 tcomitate
746 1831 772 1881 et
791 1825 907 1917 alloquiis
924 1825 1006 1881 officis

210 1922 370 2036 provocaris,t
378 1921 408 1959 ac
424 1904 595 1977 plernmqne'
587 1922 614 1960 m
630 1923 714 1981 opere,
732 1904 760 1959 in
776 1904 875 1977 agmine
887 1902 1005 1991 gregario

209 1982 285 2037 militi
303 1981 410 2046 mixt,us
432 1981 579 2053 incorrepto
595 1971 681 2037 ducis
686 1982 789 2036 honore.
824 1981 888 2036 Tres
902 1998 961 2035 eum
979 1978 1029 2039 ine

210 2057 302 2120 Judaa
329 2058 450 2131 legiones,
475 2058 565 2129 quinta
587 2062 614 2114 et
637 2058 736 2114 decima
760 2062 787 2112 et
811 2056 1007 2128 quintadecima,

211 2142 287 2190 vetus
298 2135 450 2207 Vespasiani
461 2135 533 2191 miles
534 2153 680 2206 ,excepere
716 2133 823 2189 Addidit
811 2139 849 2188 te
862 2133 936 2205 Syria
946 2132 1007 2187 duo·

212 2211 342 2278 decimam,
352 2216 380 2267 et
388 2212 482 2267 abdue
470 2216 511 2267 tos
529 2211 684 2277 Alexandria
700 2210 944 2265 duoetrieesimanos
955 2213 1008 2264 ter·

213 2288 354 2359 tianosque
390 2289 584 2344 comitabantur
599 2288 693 2361 viginti
712 2287 788 2343 socise
805 2277 931 2352 cohortes,
948 2289 1031 2349 octoe

212 2365 328 2438 equitnm
352 2364 404 2433 alae,
429 2366 505 2421 simul
527 2366 643 2437 Agrippa
670 2365 851 2436 Sohaemusque
873 2382 956 2437 reges,
979 2367 1007 2421 et

213 2442 308 2497 auxilia
322 2442 390 2515 regis
405 2444 459 2497 Ant
459 2443 534 2509 iochi,
547 2442 680 2514 validaque
692 2446 726 2505 et.
744 2442 819 2498 solito
831 2442 899 2499 inter
909 2442 1007 2499 accolas

213 2518 279 2583 odio,
292 2518 392 2574 insensa
406 2518 503 2575 Judaeis
519 2520 633 2575 Arabum
649 2538 755 2586 manns3
773 2519 849 2575 multi
864 2538 928 2591 qnos
943 2518 1008 2575 urbe

215 2601 342 2667 atquet
314 2596 393 2651 Italis
411 2614 459 2651 sna
483 2615 610 2669 quemque
634 2615 693 2667 spes
718 2596 843 2652 acciverat
867 2596 1008 2669 occupandi

215 2673 350 2761 principem
364 2672 572 2728 adhucvscuum.
608 2673 815 2745 Hiscumoopiis
823 2674 1032 2733 fineshostium5

216 2749 344 2821 ingressus
367 2750 507 2821 composito
531 2750 638 2820 agmine,
662 2757 756 2805 cuncta
778 2750 911 2821 explorans
935 2767 1010 2819 para-

216 2835 309 2898 tusque
321 2826 462 2892 decernere,
472 2828 539 2883 haud
552 2830 639 2899 procul
652 2827 838 2900 Hierosolymis
847 2831 901 2881 cast
889 2826 1009 2881 traiecit

217 2902 269 2959 Sed
292 2904 409 2975 qnoniam
427 2904 530 2961 famose
545 2905 616 2960 urbis
636 2922 782 2995 supremum
802 2904 869 2958 diem
889 2901 1034 2982 tradituriss

216 2998 313 3049 sunaus,
326 3000 467 3053 congruens
479 2981 548 3037 ridet
536 2988 580 3037 tur
592 2980 763 3053 primordia
740 2999 796 3051 epus
807 2978 912 3052 aperire
