2575 3592
400 331 449 380 DE
467 332 694 382 oratiomodo
712 335 815 382 88-40.
952 337 998 384 321

200 453 284 508 atissa
295 444 436 518 legationes
447 462 477 500 ao
484 462 543 516 pars
555 444 638 500 Italia
649 443 850 516 periclitantibus
859 441 998 510 assisteret,

201 545 264 584 cnm
280 524 312 580 in
328 521 453 594 plerisque
466 521 570 592 judiciis
593 521 708 578 crederet
733 521 841 593 populus
864 521 996 577 Romanus

202 624 253 661 sna
265 603 392 658 interesse
405 599 466 670 quid
479 598 643 670 judicaretur.
680 599 749 656 Satis
765 603 873 664 comtat,
893 598 923 654 C.
937 599 1021 656 Gor-5

203 681 303 739 nedum
314 681 343 732 et
353 675 392 732 Μ.
406 675 528 732 Scaurum
539 681 567 731 et
584 677 614 732 Τ.
626 676 750 732 Milonem
762 681 789 732 et
801 677 832 732 Ia
846 675 958 730 Bestiam
971 681 998 731 et

203 761 235 815 P.
245 754 384 811 Vatinium
400 771 525 808 concursu
544 754 626 810 totius
644 754 757 810 civitatis
775 757 802 809 et
820 757 951 808 accusatos
971 758 998 808 et

204 835 338 894 &tensos
346 836 377 886 ut
388 830 564 895 impidissimos
573 848 673 904 quoqne
685 837 798 886 oratores
810 831 866 902 ipsa
877 829 998 886 certantis

204 908 298 982 populi
309 907 395 964 studia
411 907 522 963 excitare
538 913 566 962 et
582 906 715 963 incendere
731 907 871 977 potuerint.
905 907 999 978 ltaque

205 985 313 1043 hercule
325 983 449 1056 ejusmodi
460 984 518 1040 libri
529 989 638 1048 exstant,
652 987 682 1038 ut
700 983 749 1055 ipsi
767 1001 867 1056 quoque
885 984 929 1058 qui
940 1003 999 1055 ege-

205 1069 272 1120 runt
283 1079 334 1116 non
346 1061 401 1116 aliis
412 1063 495 1132 magis
506 1061 663 1116 orationibus
675 1067 835 1116 censeantur.

243 1138 327 1192 “Jam
338 1155 398 1192 vero
410 1138 542 1192 conciones
558 1137 665 1192 assidua
676 1141 703 1192 et
715 1136 802 1192 datum
817 1137 860 1207 jus
876 1138 999 1208 potentis·
1007 1144 1044 1197 40

207 1217 303 1270 simum
312 1232 436 1286 quemque
443 1214 551 1270 vexandi
560 1219 637 1285 atque
644 1213 702 1285 ipsa
712 1213 900 1268 inimicitiarum
913 1215 1000 1286 gloria,

207 1310 270 1349 eum
289 1309 318 1346 se
337 1290 439 1361 plurimi
459 1291 611 1346 disertorum
629 1309 663 1346 ne
684 1310 699 1345 a
719 1293 749 1346 P.
762 1290 863 1362 quidem
885 1293 1000 1362 Scipione

207 1375 257 1424 aut
280 1368 351 1423 Sulla
370 1373 415 1422 aut
433 1368 480 1422 Cn.
493 1368 615 1440 Pompeio
635 1367 799 1433 abstinerent,
820 1373 847 1423 et
867 1368 901 1422 ad
920 1369 1001 1423 inoes-

207 1445 303 1502 sendos
321 1446 447 1516 principes
468 1445 544 1513 viros,
563 1453 593 1500 ut
613 1451 653 1500 est
673 1449 765 1500 natura
784 1445 891 1511 invidie,
913 1446 1000 1517 populi

207 1540 312 1595 quoque
323 1521 341 1591 †
352 1528 379 1577 et
395 1523 530 1578 histriones
545 1522 649 1578 auribus
665 1527 805 1588 uterentur,
823 1527 944 1594 quantum
960 1542 1000 1578 ar·

207 1601 298 1655 dorem
309 1599 426 1670 ingeniis,
433 1618 496 1670 quas
507 1600 649 1655 oratoribus
661 1599 728 1654 laces
741 1599 920 1655 admovebant!
939 1601 1023 1663 Noua

207 1676 243 1732 de
258 1675 342 1730 otiosa
358 1682 385 1731 et
402 1677 488 1747 quieta
504 1695 532 1732 re
549 1677 683 1747 loquimur,
703 1681 730 1732 et
751 1695 807 1748 qum
827 1677 953 1748 probitate
973 1683 1000 1733 et

206 1752 335 1808 modestia
348 1753 472 1824 gaudeat:
498 1753 544 1808 sed
559 1759 599 1808 est
615 1771 707 1824 magna
721 1753 764 1808 illa
782 1758 808 1809 et
819 1754 938 1810 notabilis
950 1755 1000 1810 elo-

208 1829 317 1901 quentia
331 1829 433 1884 alumna
450 1829 566 1898 liceatne
580 1848 656 1900 quam
674 1830 749 1886 stulti
766 1831 910 1888 libertatem
927 1850 1001 1888 voea-

207 1906 281 1971 bant,
298 1923 383 1962 oomes
397 1905 556 1975 seditionum,
567 1907 682 1962 effrenati
699 1908 786 1980 populi
801 1909 1000 1976 incitamentum,

208 1984 268 2044 sine
286 1981 414 2053 obsequio,
432 1981 451 2053 †
468 1983 523 2038 sine
541 1984 672 2048 servitute,
694 1991 838 2049 contumax,
859 1985 999 2050 temeraria,

208 2077 340 2130 arrogans,
352 2078 410 2131 qum
419 2059 446 2114 in
454 2059 519 2115 bene
530 2061 679 2115 constitutis
691 2061 836 2116 civitatibus
847 2079 899 2116 non
910 2061 1000 2116 oritur.

209 2138 298 2197 Quem
309 2137 374 2192 enim
390 2142 515 2192 oratorem
527 2137 754 2201 Lacedmmonium,
766 2155 841 2208 quem
853 2138 999 2194 Cretensem
1009 2158 1024 2203 3

208 2212 372 2282 accepimus?
398 2232 505 2284 quarum
521 2214 654 2270 civitatum
668 2214 686 2284 †
698 2215 854 2270 severissima
871 2213 1002 2286 disciplina

209 2296 238 2345 et
251 2289 416 2345 severissimae
427 2290 497 2362 leges
512 2290 657 2347 traduntur.
693 2291 752 2346 Nec
767 2291 936 2346 Macedonum
948 2293 1001 2363 qui·

209 2366 270 2420 dem
287 2384 317 2420 ao
331 2367 467 2422 Persarum
482 2372 527 2422 aut
542 2367 619 2423 ullius
634 2368 728 2440 gentis,
741 2387 796 2440 quae
812 2373 881 2424 certo
896 2369 1002 2439 imperio

209 2449 334 2498 contenta
349 2444 436 2509 fuerit,
452 2443 623 2516 eloquentiam
638 2445 762 2500 norimus.
781 2445 876 2500 Rhodii
892 2445 1001 2517 quidam,

209 2519 315 2591 plurimi
337 2521 506 2576 Athenienses
529 2533 644 2577 oratores
668 2523 831 2590 exstiterunt,
852 2522 919 2594 apud
939 2541 1002 2593 quos

209 2596 298 2650 omnia
313 2596 430 2667 populus,
443 2598 527 2652 omnia
541 2598 660 2670 imperiti,
673 2600 757 2653 omnia
770 2601 810 2669 (ut
828 2599 864 2654 sie
876 2599 1002 2668 dixerim)

210 2691 300 2731 omues
312 2677 440 2744 poterant.
474 2675 573 2730 Nostra
583 2694 684 2746 quoque
696 2675 793 2742 civitas,
806 2675 885 2730 donec
900 2676 1027 2742 emerita

210 2749 292 2805 donec
310 2768 338 2804 se
354 2753 469 2821 partibus
487 2756 514 2807 et
535 2751 733 2808 dissensionibus
751 2758 778 2808 et
795 2752 926 2808 discordiis
944 2771 1002 2808 con-

210 2822 282 2892 ieeit,
302 2825 382 2882 donec
404 2829 474 2883 nulla
495 2829 546 2882 init
568 2829 672 2883 insono
695 2848 755 2899 pax,
777 2829 845 2884 nulla
864 2829 892 2884 in
912 2835 1002 2884 senatu

211 2903 353 2989 anneordia,
365 2903 435 2960 nulla
446 2905 584 2975 injudiciis
601 2905 747 2972 moderatio,
760 2907 829 2960 nulla
844 2907 999 2977 superiorum

246 3003 300 3039 HG..
309 3003 359 3034 ΞΟΠ.
369 3003 394 3033 ll.
595 2999 613 3037 Υ
