2575 3592
314 415 362 464 8⁰8
631 411 781 461 uselrus

313 527 371 582 loco
389 527 503 598 plerique
520 525 618 597 juctant
641 523 738 578 cantari
758 521 894 594 saltarique
913 523 1108 580 commentarios

315 622 383 658 suos.
419 602 495 658 Unde
509 603 591 657 oritur
606 601 650 655 illa
665 599 732 654 freda
746 604 773 654 et
785 604 946 670 praepostera,
959 599 1005 654 sed
1020 607 1109 656 tamen

315 679 433 750 frequens
453 679 472 749 †
492 676 641 750 quibusdam
662 676 820 744 exclamatio,
840 680 870 730 ut
890 679 1003 730 oratores
1023 677 1110 733 nostri

289 760 401 816 stencre
413 755 503 822 dicere,
515 755 649 810 histn'oues
661 752 754 808 diserte
766 753 857 808 saltare
867 751 991 807 dicantur.
1026 753 1109 823 Equi-

315 832 373 888 dem
395 851 446 888 oon
468 830 612 901 negaverim
635 829 751 884 Cassium
775 829 903 893 Severum,
925 847 1000 899 quem
1024 829 1108 884 solum

314 913 385 980 Aper
398 914 485 964 noster
500 908 628 962 nominare
644 924 721 960 ausus
735 909 782 970 est,
800 906 822 960 si
839 905 870 960 iis
886 911 1045 976 comparetur
1061 908 1108 976 qui

313 993 404 1057 postea
422 986 535 1049 luerunt,
556 1001 630 1055 posse
651 987 775 1038 oratorem
800 981 891 1048 coemi,
913 1001 1054 1054 quanquam
1078 985 1108 1038 in

313 1080 406 1132 magua
417 1067 489 1133 parte
497 1061 619 1116 librorum
630 1077 734 1114 sucrum
744 1058 800 1130 plus
812 1058 850 1112 ris
862 1057 953 1114 habeat
963 1078 1036 1130 quam
1050 1078 1106 1113 san-

289 1155 305 1200 s
313 1139 405 1211 gruinis.
441 1138 542 1193 Primus
558 1137 633 1202 euim,
645 1140 791 1206 contempto
807 1134 894 1190 ordine
908 1153 999 1200 rerum,
1013 1135 1106 1191 omissa

289 1263 293 1276 .
313 1215 437 1270 modestia
448 1233 477 1271 ac
489 1214 584 1286 pudore
599 1213 740 1276 verborum,
753 1211 814 1282 ipsis
831 1212 907 1266 etiam
919 1216 1010 1282 quibus
1021 1213 1105 1268 utitur

313 1292 389 1348 armis
408 1291 589 1363 incompositus
609 1294 636 1346 et
659 1288 744 1344 studio
765 1288 876 1344 sumendi
893 1287 1041 1359 plerumque
1061 1289 1106 1344 de-

310 1369 403 1441 jectus,
423 1387 475 1424 uon
497 1371 595 1440 pugnat
617 1365 663 1421 sed
685 1365 792 1420 rixatur.
829 1365 963 1431 Ceterum,
987 1370 1017 1420 ut
1041 1366 1103 1432 dixi,

312 1445 478 1517 sequentibus
497 1447 656 1514 comparatus
673 1446 700 1497 et
718 1442 840 1498 varietate
858 1442 1006 1497 eruditionis
1023 1447 1050 1498 et
1068 1443 1106 1498 le·

312 1540 374 1593 porc
385 1521 536 1577 urbanitatis
552 1529 579 1575 et
594 1520 706 1590 ipsarum
722 1518 813 1574 virium
827 1518 916 1574 robore
931 1519 1040 1574 multum
1056 1538 1105 1574 cae-

312 1603 382 1656 teros
405 1603 523 1670 superut;
553 1615 660 1668 quorum
682 1595 808 1650 neminem
831 1597 901 1666 Aper
924 1596 1051 1650 nominare
1075 1602 1104 1652 et

288 1676 382 1733 ovelut
397 1676 426 1730 iu
441 1675 519 1730 aciem
536 1672 642 1728 educere
658 1671 787 1726 sustinuit.
823 1672 879 1744 Ego
897 1677 981 1726 antem
998 1691 1105 1744 exspec-

312 1753 396 1807 tabam
419 1757 458 1818 ut,
479 1752 595 1806 incusato
617 1749 707 1804 Asinio
730 1753 756 1803 et
778 1748 855 1804 Caelio
876 1753 902 1804 et
927 1749 1012 1814 Calvo,
1034 1749 1104 1804 aliud

311 1828 384 1884 nobis
403 1847 493 1900 agmen
513 1826 673 1898 produceret,
693 1824 826 1896 pluresque
846 1825 887 1880 vel
907 1829 976 1880 certe
994 1825 1104 1882 totidem

311 1907 462 1967 nominaret,
482 1922 516 1958 ex
539 1902 632 1974 quibus
656 1901 731 1956 alium
756 1902 878 1968 Ciceroni,
900 1903 977 1958 alium
1001 1902 1103 1971 Caesari,

287 1981 418 2053 lsiugolis
439 1979 529 2035 deinde
549 1978 662 2050 singulos
681 1995 871 2048 opponeremus.
908 1979 985 2034 Nunc
1005 1978 1103 2034 detrec-

310 2059 381 2114 trtsse
398 2056 545 2112 nominatim
560 2055 678 2126 antiquos
697 2058 809 2110 oratores
826 2060 961 2110 contentus
977 2055 1103 2112 neminem

311 2134 471 2208 sequentium
490 2131 592 2188 laudare
613 2149 691 2186 ausus
709 2137 748 2185 est
769 2131 819 2186 uisi
835 2131 863 2186 in
883 2132 1011 2202 publicum
1028 2138 1054 2187 ct
1074 2133 1104 2190 iu

310 2229 450 2275 commune,
466 2209 570 2277 veritus,
585 2207 669 2273 credo,
686 2226 718 2262 ue
734 2208 827 2264 multos
843 2209 990 2273 offenderet,
1002 2209 1025 2264 si
1040 2228 1103 2280 pau-

287 2301 355 2348 tccs
366 2286 542 2358 excerpsisset.
578 2285 681 2344 Quotus
693 2283 760 2338 cuim
778 2285 883 2356 quisque
896 2285 1102 2342 scholasticorum

310 2384 363 2421 uon
376 2365 424 2420 hac
438 2382 486 2419 sua
500 2362 662 2434 persuasione
678 2360 772 2415 fruitur
789 2366 819 2416 ut
835 2381 863 2418 se
879 2367 938 2418 unte
955 2363 1103 2418 Ciceronem

310 2444 433 2508 numeret,
445 2438 491 2496 sed
502 2438 574 2510 plane
586 2442 644 2510 post
657 2436 842 2494 Gabinianum?

263 2518 302 2577 27
346 2521 361 2548 “
369 2519 405 2573 At
417 2535 465 2587 ego
476 2533 528 2572 nou
539 2514 643 2570 verebor
655 2514 782 2569 nominare
798 2515 919 2588 singulm,
933 2534 983 2586 quc
994 2515 1101 2584 facilius,
1139 2537 1140 2546 ¹

310 2593 445 2667 propositis
461 2591 589 2663 exemplis,
602 2594 721 2662 appareat
734 2589 825 2663 quibus
841 2592 961 2664 gradibus
972 2594 1054 2648 fracta
1066 2596 1101 2650 sit

311 2677 339 2728 et
351 2671 482 2726 deminuta
492 2667 659 2739 eloquentiu”

285 2769 300 2814 2
339 2750 463 2820 “Appara
473 2744 523 2810 te,''
532 2744 615 2815 inquit
627 2745 766 2810 Maternus,
776 2745 821 2799 “et
833 2745 918 2816 potius
930 2746 1032 2802 exsolve
1044 2766 1101 2816 pro-

309 2825 422 2880 missum.
458 2821 550 2892 Neque
569 2821 636 2876 euim
655 2821 703 2876 hcc
722 2819 807 2894 colligi
824 2821 1002 2886 desideramus,
1020 2823 1099 2884 diser·

308 2902 387 2957 tiores
399 2919 457 2957 csse
467 2898 593 2970 antiquos,
605 2897 675 2968 quod
686 2896 755 2968 apud
766 2917 807 2953 me
823 2899 925 2970 quidem
940 2899 968 2955 iu
983 2901 1100 2956 confesso

307 2983 357 3045 est,
373 2977 419 3034 sed
434 2994 524 3034 causas
538 2974 703 3048 exquirimus,
721 2993 784 3046 quus
800 2979 828 3032 to
839 2975 943 3032 solitum
960 2971 1100 3044 tructcre†
