2575 3592
426 421 607 469 naurcoLA
625 420 730 469 32-84.
917 425 962 472 utu

176 485 199 521 rr.
207 485 233 523 n.
240 483 284 532 ca]

172 533 221 588 fide
233 539 311 603 atquc
322 550 399 600 opera
410 537 495 588 vestra
510 532 667 588 Britanniam
678 533 783 588 vicistis
820 532 870 588 Tot
886 551 962 604 expe

173 609 321 675 ditionibus,
332 613 373 664 tot
388 609 490 680 praeliis,
502 628 549 664 seu
562 609 715 666 fortitudine
729 608 849 664 adversm
867 609 925 664 host
913 615 961 674 t‚ea

173 705 218 742 seu
228 685 353 757 patieutis
364 703 394 740 ac
405 686 490 740 labore
501 705 572 757 pane
590 685 734 742 adversus'
727 705 807 758 ipsam
822 705 906 741 rerum
918 705 961 740 na-

171 766 258 818 turam
269 781 334 834 opus
346 762 403 828 fuit,
414 781 496 834 neque
507 782 548 817 me
559 764 669 818 militum
681 783 762 834 neque
774 781 818 818 vos
831 763 901 819 ducis
914 782 962 834 pae·

170 840 258 895 nituit.
295 839 365 911 Ergo
377 839 480 911 egressi,
493 858 542 911 ego
559 845 674 895 veterum
691 840 839 912 legatorum,
853 857 898 896 vos
913 841 986 911 pri-8

171 934 246 972 orum
263 917 420 971 exercituum
437 916 566 984 terminos,
580 917 656 972 finem
673 917 812 972 Britannia
829 936 880 972 non
896 917 963 972 fama

170 1012 219 1050 nec
240 1011 341 1050 rumore
364 992 411 1048 sed
431 993 521 1048 castris
544 997 571 1048 et
594 993 670 1048 armis
693 998 817 1050 tenemus.
854 995 963 1050 Iuventa

170 1070 309 1125 Britannia
323 1073 350 1124 et
365 1069 477 1124 subactu
513 1069 639 1141 Equidem
652 1089 720 1140 saepe
735 1071 763 1125 in
780 1071 886 1142 agmine,
903 1087 987 1128 cuma

170 1167 217 1203 vos
234 1146 341 1218 paludes
358 1152 488 1202 montesve
505 1152 533 1202 et
550 1147 655 1202 flumina
672 1147 815 1220 fatigarent,
833 1148 963 1203 fortissimi

172 1227 299 1296 cujusque
319 1242 406 1278 vocem
430 1223 577 1279 audiebam:
603 1224 730 1282 ‘Quando
753 1223 854 1279 dabitur
874 1225 963 1291 hostis,

171 1301 275 1372 quando
299 1301 395 1355 acies?
427 1301 550 1364 Veniunt,
569 1319 585 1356 e
607 1299 711 1355 latebris
735 1301 788 1356 suis
811 1301 917 1365 extmsi‚
938 1306 964 1356 et

170 1385 236 1433 vota
252 1378 385 1447 virtusque
402 1377 430 1431 iu
449 1386 546 1447 aperto,
564 1378 697 1448 omniaque
720 1395 800 1448 prona
822 1378 962 1432 uictoribus

172 1469 251 1526 atque
262 1453 351 1509 eadem
362 1453 436 1508 victis
448 1454 560 1508 adversa
596 1454 665 1508 Nam
676 1458 705 1508 ut
717 1454 851 1524 superisne
862 1458 986 1510 tantum5

171 1531 281 1596 itineris,
295 1531 371 1586 siivas
385 1530 503 1595 evasisse,
515 1531 637 1586 uniisse
652 1531 768 1586 aestuaria
784 1531 918 1601 pulchmm
934 1550 964 1586 ac

172 1607 296 1664 decorum
319 1608 346 1662 in
369 1607 487 1673 frontem,
512 1607 552 1662 itu
573 1607 730 1679 mugientibus
754 1607 965 1678 periculosissima

172 1703 231 1755 qun
248 1684 324 1740 bodie
342 1685 513 1755 prosperrima
530 1688 598 1740 aunt
635 1684 726 1756 Neque
743 1686 810 1740 enim
827 1685 901 1741 nobis
919 1692 963 1740 aut

171 1763 288 1818 locorum
303 1761 391 1817 eadem
406 1763 507 1827 notitia,
521 1767 565 1817 aut
581 1769 766 1818 commeatuum
782 1761 867 1818 eadem
886 1762 964 1818 abun·

172 1839 272 1905 dantia,
283 1837 328 1894 sed
342 1857 432 1893 manus
448 1843 474 1893 et
491 1857 560 1893 arma
574 1844 601 1894 et
615 1839 643 1894 in
659 1839 699 1894 lris
713 1839 804 1894 omnin,
840 1839 915 1899 Quod
933 1839 988 1896 adt

170 1935 215 1970 me
226 1915 328 1980 attinet,
339 1916 391 1987 jam
402 1914 501 1986 pridem
512 1916 574 1971 mibi
591 1915 721 1972 decretum
739 1921 786 1982 est,
799 1935 881 1988 neque
893 1936 965 1972 excr-

170 1994 243 2048 citus
254 2011 337 2065 neque
348 1992 420 2047 ducis
432 1997 506 2064 terga
521 1998 580 2048 tuta
597 2012 660 2048 case.
696 1993 805 2049 Proinde
821 1999 847 2050 et
859 1994 966 2050 honesta

171 2089 244 2124 mora
259 2071 330 2140 turpi
345 2070 400 2124 rita
413 2069 506 2140 potior,
518 2075 546 2125 et
562 2071 722 2126 incolumitas
738 2090 768 2126 uc
783 2071 860 2126 decus
876 2071 964 2126 eodem

171 2147 233 2202 loco
249 2147 299 2200 sita
312 2151 380 2202 sunt
416 2146 472 2201 Nec
488 2147 623 2218 inglorium
637 2147 754 2202 fueritin
769 2147 825 2217 ipso
840 2152 963 2202 terrarum

171 2242 208 2278 ac
219 2228 317 2278 caune
326 2222 513 2278 finccccidissc.
550 2224 578 2278 Si
594 2243 667 2279 novae
684 2229 773 2296 gentes
790 2227 866 2294 atquc
878 2224 1010 2293 ignotast

171 2300 245 2356 acies
257 2301 418 2365 constitisset,
432 2299 537 2354 aliorum
549 2301 708 2357 exercituum
718 2299 841 2370 exemplis
850 2317 895 2355 vos
906 2301 964 2354 bor·
999 2313 1001 2318 ’

169 2384 262 2433 turer:
280 2394 346 2432 nunc
358 2382 444 2432 vestra
459 2376 550 2432 decora
561 2383 697 2442 recensete,
710 2382 808 2432 vestros
827 2377 912 2432 oculos
928 2377 966 2432 irr-

169 2458 314 2525 tcrrogate.
348 2454 385 2509 Hi
396 2459 458 2509 sunt
470 2471 533 2525 quos
548 2455 663 2524 proximo
676 2473 740 2508 anno
754 2473 829 2509 unam
841 2454 966 2526 legionem

168 2535 247 2590 furto
255 2532 596 2604 noctisaggresscsclamore
605 2533 763 2599 debeiltstis3
782 2533 963 2589 hicaeterorum

169 2611 358 2667 Britannorum
375 2610 539 2682 fugacissimi,
553 2609 688 2681 ideoquet
690 2629 729 2664 um
744 2609 788 2664 diu
803 2616 906 2680 superst
894 2612 963 2666 tites.

169 2686 312 2747 Quomodo
331 2686 407 2742 siluas
430 2687 562 2758 saltusque
584 2692 662 2756 penet
650 2687 777 2742 tractibus
801 2687 989 2743 fortissimum

168 2766 296 2854 qnodque
315 2763 407 2818 animal
427 2765 519 2819 contra‘
539 2781 621 2831 ruere,
641 2763 733 2853 parido
753 2768 780 2818 et
800 2764 917 2820 inertia
910 2781 966 2833 ipso

166 2841 283 2914 agminia
299 2858 362 2895 sono
380 2840 518 2910 pelluntur,
535 2841 572 2895 sic
588 2841 703 2896 acerrimi
719 2841 922 2895 Britannomm
911 2859 966 2908 Jarn

165 2919 274 2992 pridem
290 2917 445 2982 cecideruut,
457 2917 569 2989 reliquus
586 2922 626 2972 est
643 2935 762 2972 numerus
778 2918 954 2987 ignavorumc
940 2920 967 2970 ct

165 2995 355 3053 metuentium.
392 2995 465 3055 Quos
482 2995 550 3067 quod
566 2993 667 3050 tardem
680 2993 819 3058 invenistis,
833 2993 968 3047 consesti·
976 3003 991 3050 ³
