2575 3592
311 420 357 467 122
655 417 774 467 ruem

941 478 979 528 [s.
986 478 1016 517 n.
1027 476 1050 517 e.
1057 478 1103 518 ser.

309 528 452 585 tmeidatos
481 527 608 600 spoliant3
637 528 735 585 laetum
764 542 819 583 esse
848 526 930 583 seelus
959 527 1104 598 loquuntur

311 607 466 677 iaciuntque.

268 684 305 739 26
345 684 385 738 Ut
408 683 558 737 Cremonam
581 700 680 747 venere,
700 700 795 737 novum
815 682 1019 751 immensumque
1038 696 1103 749 opus

311 760 429 815 oeeurrit.
464 759 610 813 Othoniano
621 758 687 814 bello
704 759 867 813 Germanicus
884 757 957 812 miles
976 756 1103 811 moenibus

313 836 518 891 Cremonensium
530 839 614 890 eastra
624 854 678 901 suu,
692 836 781 889 eastris
793 836 884 890 vallum
901 833 1102 904 eireumjeeerut,

292 926 392 983 aesque
415 913 572 967 munimenta
594 930 682 967 rursus
706 916 818 967 auxerat.
855 912 971 971 Quorum
996 918 1104 980 aspectu

313 990 407 1043 besara
418 989 535 1054 viatores,
547 989 652 1043 incertis
671 988 776 1043 ducibus
794 988 855 1059 quid
870 988 996 1059 juberent.
1035 986 1106 1040 Inei·

312 1083 373 1137 pere
384 1065 605 1137 oppugnationem,
613 1066 680 1120 iesse
689 1084 735 1137 per
746 1064 810 1119 diem
820 1071 971 1134 noctemque
979 1064 1105 1128 exercitu,

292 1142 420 1202 sarduum
429 1146 462 1209 et,
471 1142 541 1196 nullo
551 1142 755 1213 juxtusubsidio,
765 1160 865 1213 anceps.
892 1142 937 1195 Sin
948 1139 1105 1194 Bedriacum

313 1217 432 1284 redirent,
450 1218 623 1273 intolerandus
640 1223 693 1273 tam
711 1218 780 1290 longi
797 1218 898 1273 itineris
916 1216 994 1283 labor,
1007 1220 1036 1271 et
1052 1216 1106 1269 vie
1139 1258 1140 1271 ,

314 1294 380 1349 toria
391 1294 423 1349 ud
434 1295 534 1349 irritum
551 1295 734 1350 revolvebatur.
771 1294 874 1349 Munire
891 1297 982 1357 eastra,
995 1292 1026 1346 id
1042 1310 1107 1363 quo·

315 1390 371 1441 que,
386 1372 533 1443 propinquis
553 1371 677 1437 hostibus,
696 1371 893 1435 formidolosum,
911 1388 944 1424 ne
965 1368 1104 1439 dispersos,

293 1453 341 1505 4et
359 1467 422 1519 epus
439 1448 579 1513 molientes,
599 1448 684 1503 subita
704 1448 835 1519 eruptione
856 1446 999 1501 turbarent.
1039 1446 1105 1504 Quae

315 1544 391 1596 super
413 1531 505 1581 ennete
527 1525 639 1581 terrebat
662 1525 775 1597 ipsorum
798 1524 869 1579 miles
893 1522 1000 1594 periculi
1028 1540 1106 1593 quarn
1139 1524 1140 1593 j

311 1621 392 1668 morae
408 1602 560 1673 patientior:
579 1602 672 1673 quippe
683 1602 784 1673 ingrata
799 1620 855 1673 que
872 1604 935 1665 tuta,
949 1618 983 1655 ex
1000 1601 1107 1654 teineri-
1139 1596 1140 1627 l

315 1683 451 1751 tatespes3
469 1679 601 1750 omnisque
612 1678 693 1733 eudes
705 1686 731 1733 et
743 1678 849 1733 vulnera
865 1681 892 1732 et
904 1677 1009 1748 sanguis
1027 1676 1107 1731 avidi-
1139 1708 1140 1729 v

271 1759 370 1820 27tate
393 1754 483 1827 praedm
506 1755 685 1826 pensabuntur.
729 1755 791 1809 Hue
813 1753 942 1809 inelinavit
965 1754 1107 1820 Antonius,

311 1831 641 1902 eiugiquevullumoorona
664 1832 738 1886 ussit.
773 1830 859 1885 Primo
871 1830 972 1901 sagittis
984 1829 1108 1900 saxisque
1139 1868 1140 1879 ,

316 1908 414 1962 eminus
426 1907 564 1973 eertabant,
577 1910 672 1979 majore
688 1906 864 1963 Flavianorum
875 1906 993 1978 pernicie,
1001 1906 1030 1960 in
1042 1924 1108 1977 quos
1139 1914 1140 1979 t

296 1984 369 2043 ttela
388 1984 496 2055 desuper
515 1984 681 2040 librabuntur.
716 1984 781 2039 Mox
801 1984 894 2038 vallum
915 1987 1056 2055 portasque
1074 1983 1109 2038 le·
1139 1986 1140 2015 l

316 2061 433 2133 gionibus
445 2061 571 2125 attribuit,
582 2065 613 2115 ut
630 2061 754 2117 discretus
771 2060 841 2115 labor
852 2062 932 2115 fortes
948 2060 1108 2131 ignavosque

317 2139 492 2211 distingueret,
514 2142 591 2209 atque
609 2138 665 2209 ipsa
685 2138 852 2193 contentione.
867 2136 964 2192 deeoris
984 2136 1110 2191 aeeende-

316 2221 412 2271 rentur.
448 2215 567 2270 Proxima
574 2214 736 2270 Bedriaoensi
747 2216 794 2270 vie
805 2214 909 2269 tertiani
921 2213 1109 2284 septimanique

317 2312 455 2363 sumpsere,
467 2292 610 2348 dexteriora
619 2291 679 2345 valli
690 2296 780 2347 octava
791 2309 820 2346 ae
832 2290 940 2362 septima
951 2290 1094 2345 Claudiana
1100 2312 1108 2355 ;

317 2370 535 2425 tertiadecimanos
559 2368 591 2422 ad
613 2366 759 2426 Bririauam
782 2371 882 2439 portam
904 2371 1016 2438 nmpetus
1036 2367 1108 2421 tulit.

297 2444 425 2509 sPaulum
447 2445 507 2501 inde
529 2463 612 2509 morse,
633 2444 693 2499 dum
714 2463 746 2499 ex
769 2444 888 2515 proximis
910 2444 977 2514 agris
998 2442 1108 2513 ligones,

318 2520 440 2587 dolabras,
464 2526 491 2577 et
514 2521 557 2576 alii
579 2522 657 2575 foleus
681 2521 810 2593 sealusque
834 2523 993 2575 eonveetant.
1030 2520 1109 2587 Tum²

318 2598 394 2652 elatis
408 2616 485 2668 super
501 2598 585 2667 capita
602 2598 690 2663 sentis,
712 2597 791 2653 densa
809 2596 939 2652 testudine
956 2596 1107 2650 sueeedunt.

297 2675 439 2732 suornm
459 2673 578 2743 utrinque
599 2679 685 2728 artes:
706 2674 817 2744 pondera
837 2690 956 2728 saxorum
973 2672 1109 2726 Vitelliani

319 2749 478 2819 provelumt,
491 2747 622 2818 disjectam
637 2750 829 2821 fluitantemque
846 2748 1000 2804 testudinem
1013 2748 1109 2803 laneeis

319 2826 451 2896 eontisque
466 2831 620 2890 scrutantur,
633 2826 721 2892 donee,
735 2828 818 2882 soluta
829 2844 949 2897 eonrpuge
967 2833 1108 2885 scutorum,

319 2920 460 2973 exsangues
472 2908 517 2955 aut
529 2900 627 2956 lueeros
644 2907 833 2973 pmsternerent
848 2903 929 2959 multa
939 2920 996 2958 eum
1013 2907 1108 2973 strage.
