2575 3592
311 396 361 446 82⁰
434 389 441 395 ⁶
629 399 778 448 'l'AclTUS

312 511 400 562 temen
420 511 453 563 nt
469 508 554 564 omnis
568 509 597 564 in
618 511 682 576 foro,
699 511 784 566 omnis
800 511 906 583 legibus,
928 509 1012 566 omriia
1035 513 1102 584 apud

313 589 434 655 praetores
446 592 608 657 gererentnr;
627 587 696 656 apud
708 606 770 657 quos
787 594 882 660 quanto
893 589 987 660 majora
999 591 1102 659 negotia

312 661 373 716 olim
389 664 500 718 exerceri
514 663 588 718 solita
605 665 664 728 sint,
684 665 752 735 quod
767 670 849 737 majus
865 671 1041 738 argumentum
1060 672 1101 722 est

312 756 387 808 quam
400 739 468 809 qnod
479 758 560 795 oausae
572 742 772 807 centumvitales,
789 761 845 814 quae
861 761 928 797 nuno
939 743 1046 814 primum
1059 744 1102 800 ob·
1148 765 1149 812 p

312 813 395 868 tinent
406 815 497 881 loonm,
510 814 572 872 adeo
584 817 716 888 splendore
732 821 836 874 aliorum
850 819 1002 891 judiciorum
1013 819 1102 874 obrue·
1148 871 1149 874 ,

312 888 412 955 buntur,
432 897 461 945 ut
477 910 559 963 neque
577 896 704 952 Ciceronis
721 915 802 967 neque
815 896 921 950 Caeseris
932 914 1013 966 neque
1025 896 1102 950 Bruti
1148 903 1149 924 ³

312 983 394 1037 neque
418 967 489 1024 Coelii
511 988 595 1041 neque
618 972 697 1039 Calvi,
722 992 774 1028 non
794 973 901 1042 denique
918 973 996 1027 ullius
1016 973 1103 1043 magni

312 1043 420 1098 oratoris
432 1043 496 1099 liber
507 1047 575 1117 apud
585 1051 756 1104 eentumviros
772 1049 856 1104 dietus
867 1049 973 1118 legatur,
987 1050 1101 1120 exeeptis

313 1119 469 1174 orationibus
481 1123 564 1178 Asinii
580 1143 637 1195 quae
654 1129 715 1197 ‘pro
726 1126 867 1182 heredibus
880 1126 1000 1181 Urbinire’
1012 1127 1103 1181 inscri-

313 1193 418 1262 buntnr,
441 1197 473 1252 nb
495 1198 551 1269 ipso
574 1206 660 1257 tumen
683 1203 795 1258 Pollione
812 1202 901 1258 mediis
920 1202 971 1257 divi
988 1204 1103 1274 Augusti

313 1272 470 1342 temporibus
481 1274 582 1344 hnbitae,
600 1283 734 1350 postquem
752 1281 827 1352 longe
838 1285 979 1350 temporum
991 1281 1062 1351 quies
1074 1285 1102 1334 et

313 1348 461 1404 eontinnum
472 1352 560 1422 populi
569 1354 651 1408 otium
662 1361 689 1410 et
701 1357 802 1411 assidue
817 1361 920 1411 senatus
932 1357 1102 1428 tranquillitas

313 1430 340 1479 et
351 1426 454 1481 maximi
465 1428 584 1500 principis
593 1431 725 1504 discipline
736 1434 815 1506 ipsam
825 1451 923 1505 qnoque
932 1433 1102 1505 eloquentiam

312 1500 380 1556 sient
391 1503 475 1558 omnis
485 1512 626 1575 pacaverat.

266 1589 304 1644 39
349 1580 365 1607 “
373 1578 482 1634 Parrum
495 1587 522 1636 et
533 1582 666 1639 ridiculum
682 1585 790 1642 fortasse
800 1585 929 1642 videbitur
940 1585 1008 1657 qnod
1019 1585 1104 1642 diotu-

312 1671 358 1710 rus
374 1673 449 1711 sum:
466 1657 548 1714 diomn
561 1667 656 1730 tamen,
671 1663 713 1718 vel
729 1663 786 1718 ideo
801 1668 831 1718 ut
843 1663 933 1718 ridear.
968 1663 1102 1722 Quantum

313 1729 465 1789 humilitatis
483 1741 602 1806 putamus
613 1739 763 1810 eloquentie
778 1740 894 1795 attulisse
905 1740 1016 1810 paenulus
1027 1741 1099 1806 istas,

312 1807 403 1878 quibus
412 1811 510 1866 astricti
521 1816 548 1867 et
556 1814 626 1868 velut
637 1815 728 1871 inclusi
739 1815 929 1887 conjudicibus
938 1816 1081 1871 fabulamur
1091 1818 1101 1872 l
1149 1885 1150 1890 ἵ

287 1886 446 1946 stipantum
464 1888 555 1942 virium
572 1889 712 1946 detruxisse
727 1893 835 1947 orationi
850 1892 974 1947 auditoris
989 1897 1016 1947 et
1027 1893 1103 1946 tabu-

312 1961 375 2018 laris
390 1962 522 2029 eredimus,
538 1965 566 2020 in
582 1966 674 2037 quibus
686 1971 741 2038 jam
758 1969 811 2024 lere
826 1969 939 2038 plurime
955 1987 1036 2023 esusae
1055 1988 1103 2022 ex-

312 2037 454 2110 plicentur?
473 2041 541 2095 Nam
549 2043 674 2112 quomodo
682 2045 779 2100 nobiles
790 2063 868 2116 equos
880 2063 968 2099 cursus
980 2048 1006 2099 et
1018 2045 1101 2116 spotia

313 2114 429 2186 probant,
442 2116 478 2171 sio
490 2122 530 2172 est
542 2118 634 2190 aliquis
643 2125 771 2176 oratorum
784 2139 895 2193 campus,
907 2139 952 2192 per
964 2139 1037 2192 quem
1049 2123 1101 2177 nisi

312 2191 386 2247 liberi
405 2197 432 2248 et
451 2194 529 2250 soluti
545 2195 669 2263 ferentur,
687 2197 833 2254 debilitatur
856 2216 886 2252 ao
902 2197 1027 2269 frangitur
1050 2199 1101 2254 elo·

288 2269 424 2340 squentim
458 2270 544 2341 Ipsum
563 2273 625 2344 quin
644 2275 721 2330 immo
744 2293 829 2331 eurem
852 2281 879 2330 et
902 2274 1029 2345 diligentis
1047 2277 1101 2332 stili

312 2346 465 2402 anxietatem
477 2351 627 2404 eontrarium
647 2353 795 2423 experimur,
808 2352 868 2424 quie
878 2370 944 2422 sepe
960 2352 1100 2424 interrogat

308 2422 398 2491 judex,
417 2425 517 2495 qnando
533 2427 646 2498 meipias‚
661 2434 688 2483 et
703 2448 737 2483 ex
752 2428 950 2500 interrogatione
965 2432 1020 2498 ejus
1037 2429 1100 2484 iuci-

311 2498 432 2570 piendnm
454 2511 503 2557 est.
549 2503 706 2574 Frequenter
728 2505 917 2576 probationibus
941 2509 967 2559 et
990 2505 1100 2562 testibus

312 2576 440 2632 silentium
456 2579 475 2648 †
491 2585 613 2649 patronus
627 2582 724 2638 indicit.
760 2583 835 2638 Unus
852 2584 919 2638 inter
936 2582 990 2636 heo
1005 2581 1101 2639 dicenti

312 2661 357 2707 eut
380 2654 447 2709 ulter
469 2656 576 2722 assistit,
599 2663 627 2712 et
650 2677 692 2714 res
715 2659 785 2714 velut
808 2660 835 2714 in
852 2659 988 2714 solitudine
1005 2659 1099 2729 agitur.

287 2730 414 2793 40rstori
425 2736 509 2787 sutem
521 2733 629 2789 clamore
640 2735 779 2806 plausuque
791 2731 854 2806 tipus
867 2741 906 2792 est
918 2741 944 2791 et
956 2735 1025 2790 velut
1038 2755 1100 2806 quo-

312 2807 368 2861 dum
385 2809 501 2875 theatro3
525 2810 609 2882 qualia
624 2812 736 2882 quotidie
754 2813 863 2885 antiquis
882 2811 1024 2868 oratoribus
1040 2830 1100 2867 oon·

296 2923 301 2931 .
313 2887 454 2956 tingebant,
465 2905 526 2942 eum
537 2892 578 2942 tot
589 2890 687 2958 puriter
698 2907 729 2944 so
740 2894 793 2943 tam
805 2889 903 2944 nobiles
914 2891 999 2944 lorum
1012 2905 1099 2946 coero-

312 2965 405 3030 tarent,
416 2981 474 3019 oum
483 2965 606 3022 clientela
614 2985 714 3039 quoque
726 2985 756 3024 uo
766 2968 850 3024 tribus
865 2987 894 3025 so
906 2965 1098 3037 municipiorum
