2575 3592
334 405 384 454 278
668 403 788 452 Taclrr
834 443 837 450 .

965 466 1002 516 [Α.
1013 465 1119 507 u.c.ssa

335 515 415 588 equis,
428 515 503 570 simul
513 515 621 570 rariores
633 515 709 571 silvas
722 516 831 588 equitem
845 514 987 586 persultare
995 518 1119 586 jussisset,

337 597 469 664 acceptum
490 591 590 663 aliquod
607 593 700 648 rubrus
721 612 767 664 per
786 593 887 647 nimiam
911 592 1031 647 fiduciam
1052 595 1120 647 foret,

314 671 463 724 &Ceterum
480 669 525 723 ubi
541 670 693 738 compositos
709 670 787 724 tinnis
803 668 932 724 ordinibus
950 670 1024 741 sequi
1039 689 1120 724 rursus

336 747 428 811 videre,
447 747 474 800 in
494 745 580 817 fugam
601 747 675 811 versi,
694 765 746 801 non
766 746 915 818 agminibus,
933 750 965 800 ut
984 747 1064 816 prius,
1080 764 1121 800 nec

337 825 400 878 alins
413 823 489 877 alium
504 827 684 894 respectantes,
697 824 747 878 rari
760 830 786 878 et
802 823 933 878 vitabundi
949 823 1058 878 invicem
1074 823 1121 877 lon-

237 961 240 964 ,
312 908 327 954 6
336 901 431 971 ginqua
446 904 522 970 atque
541 900 597 953 avis
612 901 715 970 petiere.
752 900 822 954 Finis
839 899 960 971 sequendi
976 918 1028 954 nox
1045 910 1072 954 ct
1087 918 1119 953 sa·

336 978 411 1031 tietas
424 976 480 1030 fuit.
517 976 589 1031 Oresa
600 977 710 1031 hostium
723 976 755 1031 ad
771 975 857 1031 decem
869 977 959 1030 millia:
978 981 1119 1031 nostrorum

335 1052 444 1107 trecenti
456 1053 586 1124 sexaginta
600 1053 720 1119 cecidere,
732 1053 759 1108 in
771 1055 827 1126 quis
840 1053 921 1108 Aulus
936 1053 1048 1118 Atticus,
1062 1071 1120 1123 pre-

236 1131 245 1180 Ῑ
265 1198 274 1204 .,
335 1130 417 1184 iectus
442 1130 559 1194 cohortis,
579 1131 685 1201 juvenili
708 1130 796 1185 ardore
819 1134 846 1185 et
869 1130 963 1184 ferocis
983 1131 1044 1201 equi
1066 1131 1119 1183 hoe

233 1257 239 1266 ,
290 1204 404 1260 astibus
424 1205 516 1260 illatus.
551 1206 586 1260 nt
603 1225 656 1260 nox
677 1206 776 1278 quidem
798 1205 890 1278 gaudio
910 1205 1047 1277 predaque
1068 1206 1121 1260 lats

335 1282 487 1337 victoribus:
507 1282 623 1337 Britanni
638 1283 759 1354 palantes,
771 1284 901 1354 mixtoque
913 1283 1024 1337 virorum
1037 1282 1120 1336 mulie-

334 1378 440 1430 rumque
452 1359 552 1430 ploratu
563 1360 664 1414 trahere
679 1363 830 1426 vulneratos,
843 1377 932 1414 vocare
947 1361 1070 1431 integros,
1082 1359 1120 1413 de·

334 1455 418 1491 serere
434 1435 521 1490 domos
537 1435 703 1506 reperirem
718 1436 786 1490 ultro
802 1436 942 1500 incendere,
955 1436 1049 1508 eligere
1065 1436 1121 1490 late·

335 1511 402 1579 bras,
414 1518 440 1566 et
453 1512 539 1566 statim
550 1511 691 1583 relinquere
701 1532 708 1576 ;
726 1511 830 1566 miscere
846 1512 953 1566 invicem
965 1513 1071 1567 consilia
1082 1512 1123 1566 uli·

335 1607 392 1660 qua,
406 1588 464 1643 dein
475 1607 606 1658 separare;
622 1588 755 1659 aliquando
771 1588 853 1660 frangi
870 1595 975 1658 aspectu
991 1589 1123 1660 pignorum

313 1671 447 1733 teucrum,
463 1665 555 1736 sapius
571 1665 700 1720 concitari.
738 1665 855 1736 Satisque
871 1665 1013 1733 constabat,
1026 1667 1123 1721 sevisse

334 1741 455 1813 quosdam
466 1742 494 1796 in
509 1741 628 1814 conjuges
645 1761 675 1797 ac
690 1741 790 1810 liberos,
802 1749 921 1814 tanquam
938 1743 1123 1798 misererentur.

336 1819 470 1872 Proximus
489 1818 543 1872 dies
559 1819 649 1874 faciem
665 1819 777 1874 victoriae
792 1819 868 1874 latius
885 1819 999 1889 aperuit:
1027 1827 1123 1874 vastum

335 1894 429 1965 ubique
444 1894 579 1958 silentium,
597 1897 689 1950 secreti
705 1896 787 1960 colles,
805 1896 929 1950 firmantia
944 1896 1035 1966 procul
1051 1903 1122 1960 tecta,

211 1991 224 2008 r·
310 1977 407 2026 anano
418 1971 617 2042 exploratoribus
631 1973 729 2028 obrius.
757 1972 857 2031 Quibus
870 1973 897 2026 in
913 1991 1012 2027 omnem
1031 1979 1123 2044 partem

335 2048 453 2114 dimissis,
466 2048 510 2103 ubi
526 2049 623 2103 incerta
638 2049 706 2121 fuga
723 2049 830 2120 vestigia
846 2068 928 2120 neque
943 2067 1054 2120 usquam
1071 2069 1124 2105 oon·

334 2125 430 2196 globari
442 2127 528 2180 hostes
545 2133 710 2196 compertum,
723 2130 749 2180 et
765 2130 856 2180 exacta
865 2129 918 2196 jam
935 2132 1028 2180 aestate
1045 2127 1123 2198 spargi

333 2203 426 2257 bellum
438 2203 566 2274 nequibat,
575 2202 603 2256 in
615 2203 678 2257 lines
687 2203 852 2256 Borestorum
866 2203 1007 2256 exercitum
1018 2203 1122 2258 deducit.

310 2280 375 2334 albi
387 2281 496 2351 acceptis
508 2279 645 2344 obsidibus,
663 2279 783 2350 praeiecto
796 2278 882 2334 classis
900 2279 1059 2335 circumvehi
1075 2281 1124 2335 Bri-

333 2357 444 2412 tamriam
465 2357 591 2428 pracepit.
627 2357 702 2412 Datre
722 2355 799 2410 adid
819 2356 893 2420 vires,
916 2360 942 2410 et
965 2367 1124 2425 precesserat

333 2439 422 2487 terror.
458 2434 519 2505 Ipse
536 2433 647 2504 peditem
663 2439 740 2504 atque
756 2432 854 2504 equites
872 2431 941 2486 leuto
958 2433 1062 2499 itinere,
1081 2451 1124 2504 quo

333 2525 453 2562 novarum
467 2510 580 2581 gentium
593 2510 669 2564 animi
679 2510 734 2579 ipsa
745 2509 868 2564 transitus
880 2527 952 2562 mora
960 2513 1124 2572 terrerentur,

310 2583 587 2641 tinhibemislocarit.
623 2586 659 2640 Et
669 2585 743 2641 simul
756 2586 842 2640 classis
852 2585 964 2640 secunda
974 2592 1124 2658 tempestate

333 2677 363 2714 ac
374 2660 441 2714 tama
456 2662 632 2717 Trntulensem
645 2667 747 2734 portum
759 2663 850 2730 tenuit,
861 2662 929 2717 unde
944 2665 1063 2734 proximo
1075 2664 1124 2719 Bri

334 2737 426 2791 tannis
439 2737 517 2791 latere
529 2738 597 2792 lecto
609 2740 678 2793 omni
689 2739 806 2794 redierat.

287 2817 324 2871 89
368 2814 446 2868 Hunc
462 2832 546 2868 rerum
560 2832 670 2880 cursum,
685 2834 827 2888 quanquam
842 2815 912 2870 nulla
926 2815 1069 2872 verborum
1077 2822 1124 2886 jac

332 2889 414 2943 tantia
430 2889 543 2961 epistolis
561 2892 687 2963 Agricola
705 2898 817 2958 auctum,
836 2897 866 2947 ut
884 2893 1034 2948 Domitiano
1053 2893 1123 2949 moris

331 2968 394 3027 erat,
406 2964 490 3021 monte
501 2966 582 3031 latus,
595 2973 698 3038 pectore
710 2970 802 3024 anxius
818 2969 929 3040 excepit.
966 2970 1058 3026 Inerat
1070 2989 1123 3026 con·
