2575 3592
396 408 648 459 HISTORIARUM
666 405 718 457 ΙΙΙ.
736 407 839 459 71-74.
969 408 1014 456 149

220 470 368 579 idistiiia
389 519 458 577 inter
480 520 558 577 dubia
579 520 725 590 indigebat:
744 536 776 574 ex
799 518 898 573 divorso
922 519 1015 589 trepidi

220 601 324 666 milites
343 600 396 656 dux
413 600 498 671 segnis
514 606 541 654 et
555 599 626 654 velut
644 602 735 670 captus
754 598 837 663 mimi,
855 612 907 651 nou
927 596 1014 668 lingua

220 694 275 733 nan
293 678 397 733 auribus
419 681 577 748 compotem
595 694 679 747 neque
703 676 790 731 alienis
813 674 925 729 consiliis
949 674 1012 745 regi,

219 772 304 827 noque
316 772 363 809 sua
373 754 509 825 expedire3
528 755 579 809 hue
592 753 653 809 illua
671 752 821 809 clamoribus
840 752 952 807 hostiurn
966 752 1014 806 cir·

217 833 341 905 armagi3
359 847 417 903 quse
436 832 557 903 jusserat,
576 835 672 898 vetare,
691 848 748 901 quac
770 835 895 895 vetuerat,
914 828 1015 901 jubere.

218 910 286 965 Mox
299 909 379 980 (qaod
395 909 423 963 in
433 908 540 980 perditis
551 908 628 963 rebus
641 907 751 976 accidit)
764 924 852 962 omnes
869 906 1036 978 praeciperet

217 1005 295 1043 nemo
317 988 429 1058 exseqm.
469 986 610 1051 Postrema,
635 986 742 1056 abjectis
766 985 849 1051 armis,
874 984 962 1056 lugam
986 986 1013 1039 ct

218 1064 325 1119 fallendi
342 1071 410 1118 artas
427 1063 679 1134 circumspectabant.
715 1062 865 1133 Irnuopunt
877 1060 1008 1117 Vitelliani

217 1147 247 1197 et
264 1147 358 1196 oranda
374 1140 507 1211 sanguine,
519 1141 596 1204 ferro,
607 1139 768 1210 flarnmisque
782 1138 897 1194 miseont.
933 1139 1036 1195 Peuci-⁰»

218 1216 369 1274 militarium
386 1216 505 1282 virorum,
522 1217 590 1272 inter
610 1234 673 1288 qnos
694 1216 801 1271 maxime
819 1216 931 1287 insignes
947 1216 1010 1272 (lor-

218 1296 303 1350 nalias
322 1293 456 1359 Martialis,
477 1294 595 1349 AErniliaa
615 1294 743 1360 Pacensis,
766 1293 900 1363 Casperius
918 1294 1008 1366 Niger,

220 1371 316 1427 Didius
340 1372 433 1436 iissre,
453 1388 564 1443 pugnarn
588 1372 644 1427 ensi
668 1372 859 1427 obtmneaatur.
895 1370 1037 1427 Flavians

222 1449 346 1503 Sabinam
369 1450 489 1503 inermem
512 1464 595 1521 neque
618 1450 703 1521 iugata
729 1452 883 1519 coeptantem
907 1449 1012 1503 ancum-

220 1528 327 1592 sistunt,
338 1531 366 1581 et
377 1527 508 1593 Quintium
521 1529 636 1583 Atticum
655 1528 791 1595 consulem,
803 1526 892 1581 unrbra
908 1528 1011 1583 honoris

220 1610 249 1661 et
273 1608 371 1660 suamet
393 1606 506 1660 vaaimte
529 1610 707 1671 monstratum,
728 1605 796 1676 quod
819 1604 903 1660 edicta
922 1604 950 1659 in
968 1622 1012 1677 po·

218 1682 317 1755 pulum,
336 1698 384 1755 pro
401 1683 558 1753 Vespasiano
581 1683 722 1755 magnilica,
744 1682 866 1754 probrosa
889 1682 1012 1739 adversus

223 1760 353 1815 Vitellium
362 1760 465 1835 jecerat.
502 1760 595 1815 (lateri
607 1778 653 1832 per
665 1761 746 1817 varios
764 1778 838 1815 casus
855 1760 940 1833 elapsi,
955 1762 1035 1833 qui-t

218 1839 278 1893 dam
296 1838 382 1893 servili
397 1836 494 1902 habitu,
510 1838 552 1893 alii
567 1838 617 1893 fide
631 1838 760 1893 clientium
776 1840 888 1894 contecti
904 1842 930 1893 et
946 1839 1014 1895 inter

218 1910 428 1972 sarcinasabditi.
464 1912 547 1971 Fuere
555 1917 606 1987 qui,
614 1920 720 1988 excepto
728 1916 922 1971 Vitellianorum
931 1916 1012 1988 signo,

219 2011 272 2065 quo
291 1995 359 2047 inter
376 2010 404 2047 sa
421 1992 598 2060 noscebantur,
616 1994 685 2049 ultro
702 1995 843 2067 rogitantes
861 1994 1012 2065 responden·

220 2068 730 2140 tcsreaodasiamprolatebrahaberent.
760 2068 1059 2141 Domitianusprimali

220 2148 362 2219 irruptione
385 2147 452 2218 apud
477 2146 600 2203 adituum
623 2150 774 2215 occultatus,
794 2149 906 2204 sollertia
928 2148 1013 2203 liberti

220 2226 290 2281 lineo
310 2225 405 2279 amictu
421 2224 505 2280 turbae
522 2226 698 2281 sacricolarum
718 2226 850 2281 immixtus
868 2226 1013 2297 ignoratus·

221 2320 281 2374 qae,
290 2297 357 2372 apud
369 2300 513 2356 Cornelium
525 2303 647 2369 Primum,
658 2308 791 2375 paternum
804 2302 927 2367 abentem,
936 2306 1014 2373 juata

218 2379 362 2434 Velabrum
381 2378 491 2434 delituit.
528 2382 567 2434 Ac
582 2382 696 2451 potiente
712 2394 796 2435 rerum
818 2385 890 2452 patre
907 2379 1037 2453 disject02

220 2456 311 2513 adsui
334 2456 507 2521 contubernio,
532 2458 659 2513 modicum
683 2458 802 2514 sacellum
823 2456 882 2513 Jovi
906 2458 1014 2514 Consar-

220 2534 305 2590 ratari
325 2546 445 2604 aramque
460 2535 546 2605 posuit
563 2554 637 2591 casus
653 2554 713 2591 suos
731 2537 758 2591 in
772 2552 895 2592 marmore
910 2554 1014 2609 expres-

222 2630 292 2677 sam3
310 2625 371 2666 mox
389 2610 522 2682 imperium
543 2613 652 2684 adeptus
675 2614 734 2669 Jovi
759 2612 867 2669 Custodi
889 2612 1014 2684 templum

222 2689 312 2760 iagcas
324 2705 402 2758 sequa
414 2688 440 2743 in
453 2688 511 2743 siau
522 2690 563 2745 dei
576 2692 692 2747 sacravit.
730 2691 837 2747 Sabinus
855 2696 882 2747 ct
901 2692 1036 2755 Atticusa

224 2766 322 2821 anemii
338 2766 436 2821 eatenis
451 2772 479 2821 et
497 2768 530 2821 ad
546 2768 679 2823 Vitellium
701 2768 779 2835 ducti,
799 2785 958 2841 nequaquam
977 2768 1013 2822 in·

223 2844 292 2911 festo
309 2857 423 2898 sermone
446 2845 569 2915 vultuque
593 2846 761 2917 excipiuntur,
781 2844 946 2902 frementibus
971 2843 1013 2915 qui

220 2922 265 2995 jus
279 2914 353 2975 sadis
364 2926 392 2974 et
404 2923 505 2991 prumia
517 2927 630 2977 enarratae
638 2940 722 2994 operae
734 2923 861 2994 petebant.
898 2920 1014 2975 Clamore

220 3016 241 3055 a
257 2996 380 3073 proximis
390 3002 458 3075 arto,
470 3000 573 3055 sordida
584 3014 644 3070 pars
660 2998 741 3072 plebis
757 2995 908 3070 supplicium
926 2994 1013 3052 Sabini
