2575 3592
374 357 424 406 DE
440 357 667 407 ORATOBIBUS
683 357 788 406 al-aa.
922 357 972 406 808

171 491 275 530 morem
291 469 432 527 Annalium
449 473 651 542 oonponantnrr
667 468 762 540 fugitet
778 465 870 524 lindam
886 471 914 524 et
933 468 987 524 irs·
1002 473 1013 520 '.·
1041 461 1045 468 ⁴

172 553 274 608 mm·
291 548 481 614 soarrilitatem,
497 550 578 605 variet
592 547 808 618 compositionem,
820 563 868 602 neo
883 564 971 602 omnes

172 627 306 684 clausulas
318 643 372 680 nno
381 631 409 680 et
420 625 507 680 eodem
518 626 593 682 morlo
604 623 763 680 determinet

207 702 308 759 “Nolo
327 701 431 758 primm
451 707 544 758 ‘mra-
564 701 695 766 norum:
713 705 741 756 ot
760 701 817 772 ‘jon
834 685 1018 768 aninumr

171 788 200 837 et
216 779 294 844 illud,
313 779 393 835 tertio
414 797 516 852 qnoque
537 797 615 835 sensa
631 779 658 833 in
675 777 791 833 omnibns
814 775 970 832 orationibus

173 878 220 930 pro
242 855 376 912 muntia
394 855 514 926 positum,
534 861 602 916 ‘erre
614 855 745 910 videatur!
781 853 849 910 Nom
869 857 895 908 et
916 853 970 909 haro

173 937 276 991 inritus
287 932 413 999 retaliet
425 933 499 1003 plara
513 933 595 999 omisi,
607 951 664 1004 qna
680 935 767 986 tamen
781 929 836 986 sola
846 929 971 984 mirantur

173 1020 256 1084 stqae
275 1009 424 1080 exprimant
443 1009 471 1075 ii,
491 1010 536 1082 qni
554 1027 582 1066 se
600 1009 718 1082 antiquos
736 1011 849 1063 oratores
867 1010 967 1062 rooant.

173 1090 317 1146 nemnem
331 1087 474 1152 nominabo,
492 1107 573 1160 genas
588 1087 718 1144 hominnm
734 1085 890 1158 signifiolsse
910 1093 994 1141 oon-l

173 1175 284 1222 tentum
303 1163 350 1220 sed
368 1165 441 1220 robis
460 1167 550 1237 ntique
572 1168 706 1220 versantur
725 1167 785 1218 anta
807 1162 900 1228 oeulos,
926 1162 970 1234 qni

173 1243 310 1300 Lucilium
328 1259 376 1310 pro
396 1241 505 1297 Horatio
524 1247 552 1297 et
570 1241 719 1298 Lucretiam
739 1257 787 1311 pro
806 1239 915 1311 Virgilio
934 1239 971 1294 lo·

173 1328 262 1393 μιῆς
294 1317 389 1389 quibus
413 1317 558 1390 eloquentia
586 1317 680 1373 aufidii
703 1316 778 1372 Bassi
801 1319 846 1370 snt
870 1315 970 1372 Servilii

173 1395 294 1454 Noniani
305 1413 338 1450 ex
349 1395 536 1466 eomparatioae
548 1396 659 1450 Sisem
671 1397 716 1449 ant
733 1393 854 1449 Varronis
866 1391 968 1460 sordet;

173 1476 219 1548 qai
244 1473 379 1528 rhetorum
402 1475 547 1527 nostrorum
565 1470 762 1540 ‚oommentarios
785 1469 920 1526 fastidiant
941 1474 969 1525 et

172 1554 298 1615 oderunt,
315 1549 388 1604 Calvi
401 1550 534 1608 mirantur.
570 1551 651 1615 Quos,
666 1567 735 1604 moro
752 1549 835 1621 prisoo
851 1547 917 1620 apud
924 1551 994 1619 J'n-8

173 1631 259 1687 clinem
281 1626 434 1693 fabulantes,
454 1644 506 1682 non
526 1626 654 1682 auditores
677 1631 825 1698 sequuntur,
849 1643 900 1681 non
923 1643 971 1696 po-

172 1709 253 1780 pulns
278 1698 359 1770 ondit,
383 1705 426 1760 vix
450 1704 558 1776 deniqne
580 1705 695 1776 litigator
718 1703 874 1774 perpetitur:
904 1703 968 1760 adeo

173 1785 260 1841 mmsti
280 1785 308 1837 et
324 1781 414 1836 inonlti
430 1782 498 1837 illam
515 1783 604 1852 ipsam,
622 1800 698 1854 qnam
712 1782 818 1854 jactant,
835 1779 969 1836 sanitatem
1012 1819 1014 1824 -

172 1880 227 1917 raon
242 1859 367 1915 firmitate
381 1859 427 1914 sed
440 1860 539 1929 Jejnnio
554 1863 751 1930 oonsequnntur.
787 1859 869 1914 Porro
888 1875 921 1913 ne
941 1858 994 1914 ina

173 1955 286 2010 eorpore
297 1933 399 2006 quidem
411 1936 582 1992 valetudinem
593 1936 684 1992 modioi
695 1935 811 2007 probant,
825 1953 880 2006 qnae
892 1935 970 1991 animi

171 2013 311 2071 'anxietate
320 2012 461 2082 oontingit3
475 2031 563 2086 parum
574 2018 615 2068 est
623 2033 716 2086 agrum
730 2031 781 2068 non
793 2029 863 2067 esse:
875 2011 968 2065 fortem

173 2100 200 2148 et
212 2094 306 2148 laetnm
319 2093 346 2144 ot
362 2089 469 2145 alacrem
483 2091 547 2146 volo.
583 2092 667 2162 Prope
682 2091 754 2147 abest
770 2089 801 2144 ab
813 2087 967 2152 infirmitate,
988 2125 990 2131 -

173 2171 200 2224 in
212 2186 270 2240 qno
280 2165 336 2222 sola
347 2167 442 2222 sanitas
454 2167 579 2224 landatur.
614 2169 669 2224 Vos
681 2187 748 2234 vero,
762 2164 925 2232 disertissimi,
937 2168 992 2220 att

173 2245 297 2318 potestis,
310 2249 341 2298 ut
352 2244 443 2310 facitis,
457 2244 582 2300 illustrate
597 2245 709 2301 seculum
726 2249 841 2301 nostrum
853 2241 970 2314 pulcher·

173 2325 242 2378 rimo
259 2339 355 2393 genere
371 2321 478 2377 dicendi
514 2323 581 2377 Nam
597 2327 625 2377 et
642 2327 678 2392 te,
697 2322 814 2386 Messala,
835 2319 909 2376 video
926 2319 971 2376 lea-

173 2403 280 2456 tissima
291 2417 398 2470 qnoque
410 2399 571 2470 antiquorum
580 2400 737 2468 imitantem3
749 2399 970 2465 otiositatem

174 2497 206 2533 ae
221 2475 352 2539 Secunde,
369 2477 407 2532 ita
422 2476 543 2548 gravitati
560 2495 680 2533 sensnum
698 2478 806 2534 nitorem
827 2481 853 2532 et
872 2477 972 2534 pultum

173 2555 315 2610 verboram
327 2551 447 2618 misoetis,
456 2571 487 2608 ea
499 2553 589 2609 eleotio
600 2555 791 2620 interliminio
802 2554 865 2612 ordo
876 2573 968 2620 rernm,

174 2649 213 2699 ea,
226 2629 332 2702 quoties
349 2647 425 2685 cansa
441 2631 533 2700 poaoit,
547 2631 658 2696 ubertas,
677 2649 713 2696 aa,
727 2631 826 2702 quoties
844 2631 970 2702 permitti·

174 2714 228 2773 tur,
249 2706 369 2771 brevitas,
388 2708 413 2761 ia
428 2707 618 2777 oompoaitionis
635 2706 718 2771 deoor,
738 2725 769 2760 ea
787 2705 969 2760 sententiarum

176 2784 290 2855 planitas
300 2787 349 2847 est,
362 2784 400 2838 sie
411 2783 554 2854 exprimitis
567 2783 679 2852 allectus,
696 2781 733 2837 sio
750 2781 889 2836 libertatem
905 2783 970 2834 tem·

176 2863 283 2932 peratis,
301 2867 338 2925 ot,
355 2860 455 2915 etiamsi
469 2865 557 2914 nostra
569 2859 666 2928 judicia
683 2858 825 2930 malignitas
836 2861 863 2910 et
875 2855 971 2911 invidia

177 2938 330 3001 tardaverit.
341 2955 429 2992 veram
440 2935 473 2991 de
484 2936 555 2991 vohis
566 2935 660 2991 diotnri
671 2935 723 2992 sint
734 2933 828 3003 posteri
840 2931 946 2989 nostri.'’
967 2968 970 2976 -

209 3045 268 3080 aaa..
276 3043 326 3074 sorr.
336 3042 362 3074 rr.
568 3027 586 3067 Χ
