<?xml version="1.0" encoding="UTF-8"?>
<!DOCTYPE html PUBLIC "-//W3C//DTD XHTML 1.0 Transitional//EN"
    "http://www.w3.org/TR/xhtml1/DTD/xhtml1-transitional.dtd">
<html xmlns="http://www.w3.org/1999/xhtml" xml:lang="en" lang="en">
 <head>
  <title>
</title>
<meta http-equiv="Content-Type" content="text/html;charset=utf-8" />
  <meta name='ocr-system' content='tesseract 3.04.00' />
  <meta name='ocr-capabilities' content='ocr_page ocr_carea ocr_par ocr_line ocrx_word'/>
</head>
<body>
  <div class='ocr_page' id='page_1' title='image "./operaomniaadfid00tacigoog_0267.png"; bbox 0 0 2575 3592; ppageno 0'>
   <div class='ocr_carea' id='block_1_1' title="bbox 223 417 1008 528">
    <p class='ocr_par' dir='ltr' id='par_1_1' title="bbox 223 417 1008 528">
     <span class='ocr_line' id='line_1_1' title="bbox 479 417 1008 470; baseline 0.011 -6"><span class='ocrx_word' id='word_1_1' title='bbox 479 417 662 465; x_wconf 74' lang='lat' dir='ltr'><strong>asamona</strong></span> <span class='ocrx_word' id='word_1_2' title='bbox 680 419 765 466; x_wconf 83' lang='lat'><strong>9—11.</strong></span> <span class='ocrx_word' id='word_1_3' title='bbox 822 435 826 456; x_wconf 64' lang='lat' dir='ltr'><strong>r</strong></span> <span class='ocrx_word' id='word_1_4' title='bbox 963 423 1008 470; x_wconf 80' lang='lat' dir='ltr'><strong>acl</strong></span> 
     </span>
     <span class='ocr_line' id='line_1_2' title="bbox 223 478 338 528; baseline 0 -8"><span class='ocrx_word' id='word_1_5' title='bbox 223 481 250 520; x_wconf 77' lang='grc' dir='ltr'><strong>Δ.</strong></span> <span class='ocrx_word' id='word_1_6' title='bbox 259 479 285 518; x_wconf 85' lang='lat' dir='ltr'><strong>D.</strong></span> <span class='ocrx_word' id='word_1_7' title='bbox 295 478 338 528; x_wconf 64' lang='lat' dir='ltr'><strong>ld]</strong></span> 
     </span>
    </p>
   </div>
   <div class='ocr_carea' id='block_1_2' title="bbox 220 527 1051 1978">
    <p class='ocr_par' dir='ltr' id='par_1_2' title="bbox 220 527 1051 1978">
     <span class='ocr_line' id='line_1_3' title="bbox 221 527 1011 588; baseline 0.003 -4"><span class='ocrx_word' id='word_1_8' title='bbox 221 530 303 584; x_wconf 89' lang='lat' dir='ltr'><strong>totius</strong></span> <span class='ocrx_word' id='word_1_9' title='bbox 321 528 460 584; x_wconf 82' lang='lat' dir='ltr'><strong>Britannia</strong></span> <span class='ocrx_word' id='word_1_10' title='bbox 476 528 566 584; x_wconf 82' lang='lat' dir='ltr'><strong>Idrias</strong></span> <span class='ocrx_word' id='word_1_11' title='bbox 584 532 707 588; x_wconf 84' lang='lat' dir='ltr'><strong>veterum,</strong></span> <span class='ocrx_word' id='word_1_12' title='bbox 723 527 816 584; x_wconf 77' lang='lat' dir='ltr'>Fabius</span> <span class='ocrx_word' id='word_1_13' title='bbox 833 529 957 584; x_wconf 74' lang='lat' dir='ltr'><strong>Rusticus</strong></span> <span class='ocrx_word' id='word_1_14' title='bbox 973 549 1011 586; x_wconf 84' lang='lat' dir='ltr'><strong>re·</strong></span> 
     </span>
     <span class='ocr_line' id='line_1_4' title="bbox 221 605 1010 677; baseline 0 -16"><span class='ocrx_word' id='word_1_15' title='bbox 221 605 333 662; x_wconf 86' lang='lat' dir='ltr'><strong>centium</strong></span> <span class='ocrx_word' id='word_1_16' title='bbox 353 606 550 677; x_wconf 78' lang='lat' dir='ltr'><strong>eloquentissimi</strong></span> <span class='ocrx_word' id='word_1_17' title='bbox 571 610 686 660; x_wconf 75' lang='lat' dir='ltr'><strong>auctores</strong></span> <span class='ocrx_word' id='word_1_18' title='bbox 707 605 820 677; x_wconf 77' lang='lat' dir='ltr'><strong>oblongae</strong></span> <span class='ocrx_word' id='word_1_19' title='bbox 844 606 949 660; x_wconf 84' lang='lat' dir='ltr'><strong>scutulae</strong></span> <span class='ocrx_word' id='word_1_20' title='bbox 970 607 1010 662; x_wconf 90' lang='lat' dir='ltr'><strong>vel</strong></span> 
     </span>
     <span class='ocr_line' id='line_1_5' title="bbox 221 681 1008 752; baseline 0 -16"><span class='ocrx_word' id='word_1_21' title='bbox 221 681 323 752; x_wconf 78' lang='lat' dir='ltr'><strong>bipenni</strong></span> <span class='ocrx_word' id='word_1_22' title='bbox 335 681 518 737; x_wconf 82' lang='lat' dir='ltr'><strong>assimulavere.</strong></span> <span class='ocrx_word' id='word_1_23' title='bbox 548 682 584 736; x_wconf 84' lang='lat' dir='ltr'><strong>Et</strong></span> <span class='ocrx_word' id='word_1_24' title='bbox 591 686 631 737; x_wconf 89' lang='lat' dir='ltr'><strong>est</strong></span> <span class='ocrx_word' id='word_1_25' title='bbox 640 700 670 736; x_wconf 88' lang='lat' dir='ltr'><strong>ea</strong></span> <span class='ocrx_word' id='word_1_26' title='bbox 681 683 758 736; x_wconf 85' lang='lat' dir='ltr'><strong>facies</strong></span> <span class='ocrx_word' id='word_1_27' title='bbox 770 683 834 737; x_wconf 88' lang='lat' dir='ltr'><strong>citra</strong></span> <span class='ocrx_word' id='word_1_28' title='bbox 843 682 1008 747; x_wconf 80' lang='lat' dir='ltr'><strong>Caledoniam,</strong></span> 
     </span>
     <span class='ocr_line' id='line_1_6' title="bbox 221 758 1036 830; baseline 0.001 -17"><span class='ocrx_word' id='word_1_29' title='bbox 221 759 289 814; x_wconf 88' lang='lat' dir='ltr'><strong>uude</strong></span> <span class='ocrx_word' id='word_1_30' title='bbox 301 762 327 814; x_wconf 92' lang='lat' dir='ltr'><strong>et</strong></span> <span class='ocrx_word' id='word_1_31' title='bbox 338 758 462 814; x_wconf 85' lang='lat' dir='ltr'><strong>universis</strong></span> <span class='ocrx_word' id='word_1_32' title='bbox 474 758 542 812; x_wconf 87' lang='lat' dir='ltr'><strong>lama</strong></span> <span class='ocrx_word' id='word_1_33' title='bbox 553 763 593 813; x_wconf 89' lang='lat' dir='ltr'><strong>est</strong></span> <span class='ocrx_word' id='word_1_34' title='bbox 602 766 767 830; x_wconf 79' lang='lat' dir='ltr'><strong>transgressa.</strong></span> <span class='ocrx_word' id='word_1_35' title='bbox 799 758 848 814; x_wconf 85' lang='lat' dir='ltr'><strong>Sed</strong></span> <span class='ocrx_word' id='word_1_36' title='bbox 860 759 1036 814; x_wconf 73' lang='lat' dir='ltr'><strong>immensuml</strong></span> 
     </span>
     <span class='ocr_line' id='line_1_7' title="bbox 220 835 1010 906; baseline 0 -16"><span class='ocrx_word' id='word_1_37' title='bbox 220 841 248 890; x_wconf 93' lang='lat' dir='ltr'><strong>et</strong></span> <span class='ocrx_word' id='word_1_38' title='bbox 266 854 366 890; x_wconf 84' lang='lat' dir='ltr'><strong>enorme</strong></span> <span class='ocrx_word' id='word_1_39' title='bbox 384 835 495 906; x_wconf 88' lang='lat' dir='ltr'><strong>spatium</strong></span> <span class='ocrx_word' id='word_1_40' title='bbox 512 836 713 906; x_wconf 81' lang='lat' dir='ltr'><strong>procurrentium</strong></span> <span class='ocrx_word' id='word_1_41' title='bbox 731 840 844 892; x_wconf 87' lang='lat' dir='ltr'><strong>extremo</strong></span> <span class='ocrx_word' id='word_1_42' title='bbox 863 835 916 906; x_wconf 82' lang='lat' dir='ltr'><strong>jam</strong></span> <span class='ocrx_word' id='word_1_43' title='bbox 936 835 1010 890; x_wconf 90' lang='lat' dir='ltr'><strong>litore</strong></span> 
     </span>
     <span class='ocr_line' id='line_1_8' title="bbox 222 911 1038 978; baseline 0 -12"><span class='ocrx_word' id='word_1_44' title='bbox 222 916 347 967; x_wconf 89' lang='lat' dir='ltr'><strong>terrarum</strong></span> <span class='ocrx_word' id='word_1_45' title='bbox 358 911 428 968; x_wconf 86' lang='lat' dir='ltr'><strong>relnt</strong></span> <span class='ocrx_word' id='word_1_46' title='bbox 439 911 467 966; x_wconf 91' lang='lat' dir='ltr'><strong>in</strong></span> <span class='ocrx_word' id='word_1_47' title='bbox 478 930 586 967; x_wconf 91' lang='lat' dir='ltr'><strong>cuneum</strong></span> <span class='ocrx_word' id='word_1_48' title='bbox 597 916 725 966; x_wconf 88' lang='lat' dir='ltr'><strong>tenuatur.</strong></span> <span class='ocrx_word' id='word_1_49' title='bbox 761 913 836 967; x_wconf 87' lang='lat' dir='ltr'><strong>Hanc</strong></span> <span class='ocrx_word' id='word_1_50' title='bbox 848 930 917 966; x_wconf 91' lang='lat' dir='ltr'><strong>oram</strong></span> <span class='ocrx_word' id='word_1_51' title='bbox 929 911 1011 966; x_wconf 82' lang='lat' dir='ltr'><strong>novis·</strong></span> <span class='ocrx_word' id='word_1_52' title='bbox 1024 934 1038 978; x_wconf 77' lang='lat'><strong><em>5</em></strong></span> 
     </span>
     <span class='ocr_line' id='line_1_9' title="bbox 220 987 1012 1060; baseline -0.005 -16"><span class='ocrx_word' id='word_1_53' title='bbox 220 989 278 1044; x_wconf 87' lang='lat' dir='ltr'><strong>simi</strong></span> <span class='ocrx_word' id='word_1_54' title='bbox 288 988 364 1058; x_wconf 83' lang='lat' dir='ltr'><strong>maris</strong></span> <span class='ocrx_word' id='word_1_55' title='bbox 379 993 442 1044; x_wconf 89' lang='lat' dir='ltr'><strong>tuno</strong></span> <span class='ocrx_word' id='word_1_56' title='bbox 452 989 561 1060; x_wconf 90' lang='lat' dir='ltr'><strong>primum</strong></span> <span class='ocrx_word' id='word_1_57' title='bbox 572 988 687 1042; x_wconf 87' lang='lat' dir='ltr'><strong>Romana</strong></span> <span class='ocrx_word' id='word_1_58' title='bbox 698 987 784 1043; x_wconf 82' lang='lat' dir='ltr'><strong>classis</strong></span> <span class='ocrx_word' id='word_1_59' title='bbox 796 989 962 1044; x_wconf 79' lang='lat' dir='ltr'><strong>circumvecta</strong></span> <span class='ocrx_word' id='word_1_60' title='bbox 973 990 1012 1041; x_wconf 90' lang='lat' dir='ltr'><strong>in-</strong></span> 
     </span>
     <span class='ocr_line' id='line_1_10' title="bbox 221 1063 1011 1136; baseline -0.003 -16"><span class='ocrx_word' id='word_1_61' title='bbox 221 1066 305 1121; x_wconf 88' lang='lat' dir='ltr'><strong>sulam</strong></span> <span class='ocrx_word' id='word_1_62' title='bbox 316 1083 371 1120; x_wconf 86' lang='lat' dir='ltr'><strong>csse</strong></span> <span class='ocrx_word' id='word_1_63' title='bbox 382 1065 539 1120; x_wconf 84' lang='lat' dir='ltr'><strong>Britanniam</strong></span> <span class='ocrx_word' id='word_1_64' title='bbox 550 1065 689 1129; x_wconf 80' lang='lat' dir='ltr'><strong>affimavit,</strong></span> <span class='ocrx_word' id='word_1_65' title='bbox 702 1083 730 1120; x_wconf 88' lang='lat' dir='ltr'><strong>ac</strong></span> <span class='ocrx_word' id='word_1_66' title='bbox 740 1065 813 1120; x_wconf 90' lang='lat' dir='ltr'><strong>simul</strong></span> <span class='ocrx_word' id='word_1_67' title='bbox 825 1065 966 1136; x_wconf 79' lang='lat' dir='ltr'><strong>incognitas</strong></span> <span class='ocrx_word' id='word_1_68' title='bbox 979 1063 1011 1118; x_wconf 84' lang='lat' dir='ltr'><strong>ad</strong></span> 
     </span>
     <span class='ocr_line' id='line_1_11' title="bbox 220 1141 1012 1213; baseline -0.005 -15"><span class='ocrx_word' id='word_1_69' title='bbox 220 1141 248 1198; x_wconf 88' lang='lat' dir='ltr'><strong>id</strong></span> <span class='ocrx_word' id='word_1_70' title='bbox 261 1146 361 1212; x_wconf 89' lang='lat' dir='ltr'><strong>tempus</strong></span> <span class='ocrx_word' id='word_1_71' title='bbox 372 1142 474 1206; x_wconf 74' lang='lat' dir='ltr'><strong>iusulm,</strong></span> <span class='ocrx_word' id='word_1_72' title='bbox 485 1160 547 1213; x_wconf 83' lang='lat' dir='ltr'><strong>quas</strong></span> <span class='ocrx_word' id='word_1_73' title='bbox 560 1141 671 1197; x_wconf 87' lang='lat' dir='ltr'><strong>Orcadas</strong></span> <span class='ocrx_word' id='word_1_74' title='bbox 682 1145 781 1206; x_wconf 87' lang='lat' dir='ltr'><strong>vocant,</strong></span> <span class='ocrx_word' id='word_1_75' title='bbox 794 1141 890 1196; x_wconf 86' lang='lat' dir='ltr'><strong>invenit</strong></span> <span class='ocrx_word' id='word_1_76' title='bbox 903 1141 1012 1196; x_wconf 88' lang='lat' dir='ltr'><strong>domuit·</strong></span> 
     </span>
     <span class='ocr_line' id='line_1_12' title="bbox 223 1217 1036 1290; baseline 0.001 -17"><span class='ocrx_word' id='word_1_77' title='bbox 223 1237 280 1290; x_wconf 88' lang='lat' dir='ltr'><strong>que.</strong></span> <span class='ocrx_word' id='word_1_78' title='bbox 309 1219 433 1288; x_wconf 88' lang='lat' dir='ltr'><strong>Dispecta</strong></span> <span class='ocrx_word' id='word_1_79' title='bbox 443 1222 483 1274; x_wconf 89' lang='lat' dir='ltr'><strong>est</strong></span> <span class='ocrx_word' id='word_1_80' title='bbox 495 1222 522 1272; x_wconf 89' lang='lat' dir='ltr'><strong>et</strong></span> <span class='ocrx_word' id='word_1_81' title='bbox 533 1217 621 1283; x_wconf 79' lang='lat' dir='ltr'><strong>Thule,</strong></span> <span class='ocrx_word' id='word_1_82' title='bbox 631 1221 733 1288; x_wconf 86' lang='lat' dir='ltr'><strong>quam†</strong></span> <span class='ocrx_word' id='word_1_83' title='bbox 743 1218 865 1274; x_wconf 86' lang='lat' dir='ltr'><strong>hacteuus</strong></span> <span class='ocrx_word' id='word_1_84' title='bbox 873 1219 972 1290; x_wconf 85' lang='lat' dir='ltr'><strong>jussum</strong></span> <span class='ocrx_word' id='word_1_85' title='bbox 984 1222 1010 1272; x_wconf 89' lang='lat' dir='ltr'><strong>et</strong></span> <span class='ocrx_word' id='word_1_86' title='bbox 1020 1227 1036 1274; x_wconf 83' lang='lat'>6</span> 
     </span>
     <span class='ocr_line' id='line_1_13' title="bbox 222 1293 1012 1366; baseline -0.004 -15"><span class='ocrx_word' id='word_1_87' title='bbox 222 1295 303 1352; x_wconf 90' lang='lat' dir='ltr'><strong>biems</strong></span> <span class='ocrx_word' id='word_1_88' title='bbox 322 1293 437 1360; x_wconf 86' lang='lat' dir='ltr'><strong>abdebat,</strong></span> <span class='ocrx_word' id='word_1_89' title='bbox 457 1295 501 1350; x_wconf 90' lang='lat' dir='ltr'><strong>sed</strong></span> <span class='ocrx_word' id='word_1_90' title='bbox 518 1312 588 1348; x_wconf 89' lang='lat' dir='ltr'><strong>mare</strong></span> <span class='ocrx_word' id='word_1_91' title='bbox 606 1293 706 1365; x_wconf 84' lang='lat' dir='ltr'><strong>pigrum</strong></span> <span class='ocrx_word' id='word_1_92' title='bbox 726 1297 752 1348; x_wconf 91' lang='lat' dir='ltr'><strong>et</strong></span> <span class='ocrx_word' id='word_1_93' title='bbox 771 1313 847 1366; x_wconf 85' lang='lat' dir='ltr'><strong>grave</strong></span> <span class='ocrx_word' id='word_1_94' title='bbox 865 1295 1012 1366; x_wconf 86' lang='lat' dir='ltr'><strong>remiganti-</strong></span> 
     </span>
     <span class='ocr_line' id='line_1_14' title="bbox 221 1371 1010 1444; baseline -0.001 -17"><span class='ocrx_word' id='word_1_95' title='bbox 221 1371 279 1437; x_wconf 86' lang='lat' dir='ltr'><strong>bus,</strong></span> <span class='ocrx_word' id='word_1_96' title='bbox 292 1372 432 1444; x_wconf 89' lang='lat' dir='ltr'><strong>perbibent,</strong></span> <span class='ocrx_word' id='word_1_97' title='bbox 445 1389 478 1428; x_wconf 89' lang='lat' dir='ltr'><strong>ne</strong></span> <span class='ocrx_word' id='word_1_98' title='bbox 488 1372 572 1427; x_wconf 82' lang='lat' dir='ltr'><strong>ventis</strong></span> <span class='ocrx_word' id='word_1_99' title='bbox 583 1371 686 1442; x_wconf 89' lang='lat' dir='ltr'><strong>quidem</strong></span> <span class='ocrx_word' id='word_1_100' title='bbox 698 1371 800 1442; x_wconf 88' lang='lat' dir='ltr'><strong>perinde</strong></span> <span class='ocrx_word' id='word_1_101' title='bbox 812 1371 908 1426; x_wconf 87' lang='lat' dir='ltr'><strong>attolli:</strong></span> <span class='ocrx_word' id='word_1_102' title='bbox 927 1371 1010 1438; x_wconf 88' lang='lat' dir='ltr'><strong>credo,</strong></span> 
     </span>
     <span class='ocr_line' id='line_1_15' title="bbox 224 1447 1011 1520; baseline -0.001 -17"><span class='ocrx_word' id='word_1_103' title='bbox 224 1449 292 1520; x_wconf 89' lang='lat' dir='ltr'><strong>quod</strong></span> <span class='ocrx_word' id='word_1_104' title='bbox 307 1449 414 1504; x_wconf 91' lang='lat' dir='ltr'><strong>rariores</strong></span> <span class='ocrx_word' id='word_1_105' title='bbox 429 1453 505 1504; x_wconf 79' lang='lat' dir='ltr'><strong>terra</strong></span> <span class='ocrx_word' id='word_1_106' title='bbox 520 1452 676 1519; x_wconf 80' lang='lat' dir='ltr'><strong>montesque,</strong></span> <span class='ocrx_word' id='word_1_107' title='bbox 692 1467 767 1504; x_wconf 90' lang='lat' dir='ltr'><strong>causa</strong></span> <span class='ocrx_word' id='word_1_108' title='bbox 785 1467 813 1504; x_wconf 89' lang='lat' dir='ltr'><strong>ac</strong></span> <span class='ocrx_word' id='word_1_109' title='bbox 828 1447 934 1502; x_wconf 88' lang='lat' dir='ltr'><strong>materia</strong></span> <span class='ocrx_word' id='word_1_110' title='bbox 948 1452 1011 1502; x_wconf 92' lang='lat' dir='ltr'><strong>tem-</strong></span> 
     </span>
     <span class='ocr_line' id='line_1_16' title="bbox 223 1524 1011 1596; baseline -0.003 -16"><span class='ocrx_word' id='word_1_111' title='bbox 223 1530 359 1596; x_wconf 89' lang='lat' dir='ltr'><strong>pestatum,</strong></span> <span class='ocrx_word' id='word_1_112' title='bbox 372 1530 399 1580; x_wconf 92' lang='lat' dir='ltr'><strong>et</strong></span> <span class='ocrx_word' id='word_1_113' title='bbox 410 1525 535 1596; x_wconf 80' lang='lat' dir='ltr'><strong>protunda</strong></span> <span class='ocrx_word' id='word_1_114' title='bbox 545 1525 624 1580; x_wconf 89' lang='lat' dir='ltr'><strong>moles</strong></span> <span class='ocrx_word' id='word_1_115' title='bbox 635 1525 749 1580; x_wconf 85' lang='lat' dir='ltr'><strong>continui</strong></span> <span class='ocrx_word' id='word_1_116' title='bbox 764 1525 840 1580; x_wconf 91' lang='lat' dir='ltr'><strong>maris</strong></span> <span class='ocrx_word' id='word_1_117' title='bbox 852 1524 948 1578; x_wconf 87' lang='lat' dir='ltr'><strong>tardius</strong></span> <span class='ocrx_word' id='word_1_118' title='bbox 964 1525 1011 1578; x_wconf 90' lang='lat' dir='ltr'><strong>im-</strong></span> 
     </span>
     <span class='ocr_line' id='line_1_17' title="bbox 222 1593 1051 1673; baseline 0 -17"><span class='ocrx_word' id='word_1_119' title='bbox 222 1602 332 1673; x_wconf 88' lang='lat' dir='ltr'><strong>pellitur.</strong></span> <span class='ocrx_word' id='word_1_120' title='bbox 366 1603 493 1656; x_wconf 85' lang='lat' dir='ltr'><strong>Naturam</strong></span> <span class='ocrx_word' id='word_1_121' title='bbox 509 1601 604 1656; x_wconf 88' lang='lat' dir='ltr'><strong>Oceani</strong></span> <span class='ocrx_word' id='word_1_122' title='bbox 619 1606 695 1671; x_wconf 91' lang='lat' dir='ltr'><strong>atque</strong></span> <span class='ocrx_word' id='word_1_123' title='bbox 711 1605 788 1656; x_wconf 83' lang='lat' dir='ltr'><strong>aestus</strong></span> <span class='ocrx_word' id='word_1_124' title='bbox 804 1619 885 1672; x_wconf 87' lang='lat' dir='ltr'><strong>neque</strong></span> <span class='ocrx_word' id='word_1_125' title='bbox 900 1613 1034 1672; x_wconf 75' lang='lat' dir='ltr'><strong>quaererer</strong></span> <span class='ocrx_word' id='word_1_126' title='bbox 1050 1593 1051 1601; x_wconf 38' lang='lat'>¹</span> 
     </span>
     <span class='ocr_line' id='line_1_18' title="bbox 222 1675 1010 1750; baseline -0.006 -16"><span class='ocrx_word' id='word_1_127' title='bbox 222 1679 298 1750; x_wconf 88' lang='lat' dir='ltr'><strong>hujus</strong></span> <span class='ocrx_word' id='word_1_128' title='bbox 314 1677 397 1750; x_wconf 86' lang='lat' dir='ltr'><strong>operis</strong></span> <span class='ocrx_word' id='word_1_129' title='bbox 413 1682 461 1746; x_wconf 90' lang='lat' dir='ltr'><strong>est,</strong></span> <span class='ocrx_word' id='word_1_130' title='bbox 472 1696 503 1732; x_wconf 88' lang='lat' dir='ltr'><strong>ac</strong></span> <span class='ocrx_word' id='word_1_131' title='bbox 515 1677 586 1732; x_wconf 91' lang='lat' dir='ltr'><strong>multi</strong></span> <span class='ocrx_word' id='word_1_132' title='bbox 599 1677 715 1732; x_wconf 87' lang='lat' dir='ltr'><strong>retulere.</strong></span> <span class='ocrx_word' id='word_1_133' title='bbox 751 1677 838 1732; x_wconf 88' lang='lat' dir='ltr'><strong>Unum</strong></span> <span class='ocrx_word' id='word_1_134' title='bbox 856 1675 1010 1731; x_wconf 79' lang='lat' dir='ltr'><strong>addiderim:</strong></span> 
     </span>
     <span class='ocr_line' id='line_1_19' title="bbox 222 1752 1011 1826; baseline -0.003 -17"><span class='ocrx_word' id='word_1_135' title='bbox 222 1755 358 1826; x_wconf 86' lang='lat' dir='ltr'><strong>Nusquam</strong></span> <span class='ocrx_word' id='word_1_136' title='bbox 368 1753 444 1808; x_wconf 88' lang='lat' dir='ltr'><strong>latius</strong></span> <span class='ocrx_word' id='word_1_137' title='bbox 461 1753 583 1809; x_wconf 91' lang='lat' dir='ltr'><strong>dominari</strong></span> <span class='ocrx_word' id='word_1_138' title='bbox 598 1771 674 1818; x_wconf 89' lang='lat' dir='ltr'><strong>mare,</strong></span> <span class='ocrx_word' id='word_1_139' title='bbox 687 1753 796 1808; x_wconf 87' lang='lat' dir='ltr'><strong>multum</strong></span> <span class='ocrx_word' id='word_1_140' title='bbox 813 1753 944 1807; x_wconf 86' lang='lat' dir='ltr'><strong>fluminum</strong></span> <span class='ocrx_word' id='word_1_141' title='bbox 961 1752 1011 1808; x_wconf 90' lang='lat' dir='ltr'><strong>buc</strong></span> 
     </span>
     <span class='ocr_line' id='line_1_20' title="bbox 221 1826 1011 1902; baseline -0.008 -14"><span class='ocrx_word' id='word_1_142' title='bbox 221 1826 300 1902; x_wconf 84' lang='lat' dir='ltr'><strong>atque</strong></span> <span class='ocrx_word' id='word_1_143' title='bbox 310 1831 371 1886; x_wconf 91' lang='lat' dir='ltr'><strong>illuc</strong></span> <span class='ocrx_word' id='word_1_144' title='bbox 386 1831 460 1896; x_wconf 78' lang='lat' dir='ltr'><strong>serre,</strong></span> <span class='ocrx_word' id='word_1_145' title='bbox 473 1848 520 1886; x_wconf 88' lang='lat' dir='ltr'><strong>nec</strong></span> <span class='ocrx_word' id='word_1_146' title='bbox 535 1830 609 1884; x_wconf 87' lang='lat' dir='ltr'><strong>litore</strong></span> <span class='ocrx_word' id='word_1_147' title='bbox 620 1834 696 1884; x_wconf 91' lang='lat' dir='ltr'><strong>tenus</strong></span> <span class='ocrx_word' id='word_1_148' title='bbox 713 1847 854 1884; x_wconf 87' lang='lat' dir='ltr'><strong>accrescere</strong></span> <span class='ocrx_word' id='word_1_149' title='bbox 868 1838 912 1882; x_wconf 90' lang='lat' dir='ltr'><strong>aut</strong></span> <span class='ocrx_word' id='word_1_150' title='bbox 928 1846 1011 1883; x_wconf 90' lang='lat' dir='ltr'><strong>resor-</strong></span> 
     </span>
     <span class='ocr_line' id='line_1_21' title="bbox 221 1905 1010 1978; baseline -0.008 -14"><span class='ocrx_word' id='word_1_151' title='bbox 221 1909 284 1972; x_wconf 86' lang='lat' dir='ltr'><strong>beri,</strong></span> <span class='ocrx_word' id='word_1_152' title='bbox 297 1907 342 1963; x_wconf 86' lang='lat' dir='ltr'><strong>sed</strong></span> <span class='ocrx_word' id='word_1_153' title='bbox 353 1907 457 1962; x_wconf 86' lang='lat' dir='ltr'><strong>influere</strong></span> <span class='ocrx_word' id='word_1_154' title='bbox 465 1906 568 1978; x_wconf 88' lang='lat' dir='ltr'><strong>penitus</strong></span> <span class='ocrx_word' id='word_1_155' title='bbox 580 1911 656 1978; x_wconf 89' lang='lat' dir='ltr'><strong>atque</strong></span> <span class='ocrx_word' id='word_1_156' title='bbox 665 1906 766 1975; x_wconf 82' lang='lat' dir='ltr'><strong>ambire,</strong></span> <span class='ocrx_word' id='word_1_157' title='bbox 779 1910 805 1960; x_wconf 90' lang='lat' dir='ltr'><strong>et</strong></span> <span class='ocrx_word' id='word_1_158' title='bbox 815 1906 883 1977; x_wconf 82' lang='lat' dir='ltr'><strong>jugis</strong></span> <span class='ocrx_word' id='word_1_159' title='bbox 893 1905 968 1960; x_wconf 90' lang='lat' dir='ltr'><strong>etiarn</strong></span> <span class='ocrx_word' id='word_1_160' title='bbox 981 1921 1010 1958; x_wconf 87' lang='lat' dir='ltr'><strong>ac</strong></span> 
     </span>
    </p>
   </div>
   <div class='ocr_carea' id='block_1_3' title="bbox 219 1973 1143 2051">
    <p class='ocr_par' dir='ltr' id='par_1_3' title="bbox 219 1973 1143 2051">
     <span class='ocr_line' id='line_1_22' title="bbox 219 1973 1143 2051; baseline -0.003 -10"><span class='ocrx_word' id='word_1_161' title='bbox 219 1984 352 2041; x_wconf 88' lang='lat' dir='ltr'><strong>montibus</strong></span> <span class='ocrx_word' id='word_1_162' title='bbox 363 1984 440 2038; x_wconf 89' lang='lat' dir='ltr'><strong>inseri</strong></span> <span class='ocrx_word' id='word_1_163' title='bbox 451 1982 624 2038; x_wconf 82' lang='lat' dir='ltr'><strong>relutrnsuo.</strong></span> <span class='ocrx_word' id='word_1_164' title='bbox 661 1983 788 2038; x_wconf 85' lang='lat' dir='ltr'><strong>Caeterum</strong></span> <span class='ocrx_word' id='word_1_165' title='bbox 801 1982 957 2037; x_wconf 85' lang='lat' dir='ltr'><strong>Britanniam</strong></span> <span class='ocrx_word' id='word_1_166' title='bbox 968 1981 1055 2051; x_wconf 87' lang='lat' dir='ltr'><strong>quill</strong></span> <span class='ocrx_word' id='word_1_167' title='bbox 1142 1973 1143 1982; x_wconf 37' lang='lat'>¹</span> 
     </span>
    </p>
   </div>
   <div class='ocr_carea' id='block_1_4' title="bbox 217 2057 1034 2664">
    <p class='ocr_par' dir='ltr' id='par_1_4' title="bbox 217 2057 1034 2664">
     <span class='ocr_line' id='line_1_23' title="bbox 219 2057 1011 2131; baseline -0.005 -15"><span class='ocrx_word' id='word_1_168' title='bbox 219 2061 339 2116; x_wconf 84' lang='lat' dir='ltr'><strong>mortales</strong></span> <span class='ocrx_word' id='word_1_169' title='bbox 356 2060 429 2115; x_wconf 89' lang='lat' dir='ltr'><strong>initio</strong></span> <span class='ocrx_word' id='word_1_170' title='bbox 445 2059 577 2128; x_wconf 90' lang='lat' dir='ltr'><strong>coluerint,</strong></span> <span class='ocrx_word' id='word_1_171' title='bbox 590 2060 716 2131; x_wconf 81' lang='lat' dir='ltr'><strong>indigenae</strong></span> <span class='ocrx_word' id='word_1_172' title='bbox 733 2077 764 2112; x_wconf 88' lang='lat' dir='ltr'><strong>an</strong></span> <span class='ocrx_word' id='word_1_173' title='bbox 781 2058 887 2126; x_wconf 87' lang='lat' dir='ltr'><strong>advecti,</strong></span> <span class='ocrx_word' id='word_1_174' title='bbox 899 2061 929 2112; x_wconf 88' lang='lat' dir='ltr'><strong>ut</strong></span> <span class='ocrx_word' id='word_1_175' title='bbox 944 2057 1011 2112; x_wconf 88' lang='lat' dir='ltr'><strong>inter</strong></span> 
     </span>
     <span class='ocr_line' id='line_1_24' title="bbox 220 2133 1008 2208; baseline -0.009 -15"><span class='ocrx_word' id='word_1_176' title='bbox 220 2137 349 2204; x_wconf 88' lang='lat' dir='ltr'><strong>barbaros,</strong></span> <span class='ocrx_word' id='word_1_177' title='bbox 361 2156 450 2208; x_wconf 87' lang='lat' dir='ltr'><strong>parum</strong></span> <span class='ocrx_word' id='word_1_178' title='bbox 466 2142 629 2206; x_wconf 88' lang='lat' dir='ltr'><strong>compertum.</strong></span> <span class='ocrx_word' id='word_1_179' title='bbox 665 2135 777 2189; x_wconf 88' lang='lat' dir='ltr'><strong>Habitus</strong></span> <span class='ocrx_word' id='word_1_180' title='bbox 794 2153 926 2204; x_wconf 91' lang='lat' dir='ltr'><strong>corporum</strong></span> <span class='ocrx_word' id='word_1_181' title='bbox 939 2133 1008 2200; x_wconf 83' lang='lat' dir='ltr'><strong>varii,</strong></span> 
     </span>
     <span class='ocr_line' id='line_1_25' title="bbox 221 2208 1034 2284; baseline -0.009 -16"><span class='ocrx_word' id='word_1_182' title='bbox 221 2222 299 2284; x_wconf 84' lang='lat' dir='ltr'><strong>atque</strong></span> <span class='ocrx_word' id='word_1_183' title='bbox 317 2232 349 2268; x_wconf 82' lang='lat' dir='ltr'><strong>cx</strong></span> <span class='ocrx_word' id='word_1_184' title='bbox 365 2232 397 2268; x_wconf 94' lang='lat' dir='ltr'><strong>eo</strong></span> <span class='ocrx_word' id='word_1_185' title='bbox 417 2225 573 2284; x_wconf 82' lang='lat' dir='ltr'><strong>argumenta</strong></span> <span class='ocrx_word' id='word_1_186' title='bbox 608 2212 727 2282; x_wconf 88' lang='lat' dir='ltr'><strong>Namque</strong></span> <span class='ocrx_word' id='word_1_187' title='bbox 748 2209 831 2264; x_wconf 83' lang='lat' dir='ltr'><strong>rutilae</strong></span> <span class='ocrx_word' id='word_1_188' title='bbox 850 2208 1034 2269; x_wconf 75' lang='lat' dir='ltr'><strong>Caledoniama</strong></span> 
     </span>
     <span class='ocr_line' id='line_1_26' title="bbox 219 2285 1010 2359; baseline -0.006 -15"><span class='ocrx_word' id='word_1_189' title='bbox 219 2289 388 2344; x_wconf 85' lang='lat' dir='ltr'><strong>habitantium</strong></span> <span class='ocrx_word' id='word_1_190' title='bbox 400 2308 485 2357; x_wconf 78' lang='lat' dir='ltr'><strong>coma,</strong></span> <span class='ocrx_word' id='word_1_191' title='bbox 500 2288 587 2359; x_wconf 87' lang='lat' dir='ltr'><strong>magui</strong></span> <span class='ocrx_word' id='word_1_192' title='bbox 603 2291 683 2350; x_wconf 88' lang='lat' dir='ltr'><strong>artus,</strong></span> <span class='ocrx_word' id='word_1_193' title='bbox 697 2286 870 2341; x_wconf 83' lang='lat' dir='ltr'><strong>Germanicam</strong></span> <span class='ocrx_word' id='word_1_194' title='bbox 888 2285 1010 2356; x_wconf 83' lang='lat' dir='ltr'><strong>originem</strong></span> 
     </span>
     <span class='ocr_line' id='line_1_27' title="bbox 220 2361 1009 2433; baseline -0.008 -12"><span class='ocrx_word' id='word_1_195' title='bbox 220 2370 373 2422; x_wconf 77' lang='lat' dir='ltr'><strong>asseverant.</strong></span> <span class='ocrx_word' id='word_1_196' title='bbox 409 2367 518 2421; x_wconf 82' lang='lat' dir='ltr'><strong>Silurum</strong></span> <span class='ocrx_word' id='word_1_197' title='bbox 538 2364 644 2420; x_wconf 90' lang='lat' dir='ltr'><strong>colroati</strong></span> <span class='ocrx_word' id='word_1_198' title='bbox 660 2363 757 2428; x_wconf 86' lang='lat' dir='ltr'><strong>vultus,</strong></span> <span class='ocrx_word' id='word_1_199' title='bbox 779 2362 842 2416; x_wconf 89' lang='lat' dir='ltr'><strong>torti</strong></span> <span class='ocrx_word' id='word_1_200' title='bbox 862 2361 1009 2433; x_wconf 87' lang='lat' dir='ltr'><strong>plerumque</strong></span> 
     </span>
     <span class='ocr_line' id='line_1_28' title="bbox 221 2439 1010 2514; baseline -0.005 -16"><span class='ocrx_word' id='word_1_201' title='bbox 221 2444 313 2508; x_wconf 90' lang='lat' dir='ltr'><strong>crines,</strong></span> <span class='ocrx_word' id='word_1_202' title='bbox 326 2447 351 2497; x_wconf 91' lang='lat' dir='ltr'><strong>et</strong></span> <span class='ocrx_word' id='word_1_203' title='bbox 366 2443 452 2514; x_wconf 90' lang='lat' dir='ltr'><strong>posita</strong></span> <span class='ocrx_word' id='word_1_204' title='bbox 466 2446 555 2497; x_wconf 89' lang='lat' dir='ltr'><strong>contra</strong></span> <span class='ocrx_word' id='word_1_205' title='bbox 571 2440 702 2512; x_wconf 86' lang='lat' dir='ltr'><strong>Hispania,</strong></span> <span class='ocrx_word' id='word_1_206' title='bbox 718 2439 829 2494; x_wconf 87' lang='lat' dir='ltr'><strong>Hiberos</strong></span> <span class='ocrx_word' id='word_1_207' title='bbox 845 2444 944 2494; x_wconf 87' lang='lat' dir='ltr'><strong>veteres</strong></span> <span class='ocrx_word' id='word_1_208' title='bbox 960 2443 1010 2494; x_wconf 90' lang='lat' dir='ltr'><strong>tra·</strong></span> 
     </span>
     <span class='ocr_line' id='line_1_29' title="bbox 217 2516 1034 2592; baseline -0.005 -17"><span class='ocrx_word' id='word_1_209' title='bbox 217 2521 313 2592; x_wconf 83' lang='lat' dir='ltr'><strong>jecisse</strong></span> <span class='ocrx_word' id='word_1_210' title='bbox 328 2537 419 2590; x_wconf 88' lang='lat' dir='ltr'><strong>easque</strong></span> <span class='ocrx_word' id='word_1_211' title='bbox 435 2518 508 2574; x_wconf 87' lang='lat' dir='ltr'><strong>sedes</strong></span> <span class='ocrx_word' id='word_1_212' title='bbox 523 2519 651 2573; x_wconf 69' lang='lat' dir='ltr'><strong>habitasse</strong></span> <span class='ocrx_word' id='word_1_213' title='bbox 666 2517 741 2572; x_wconf 89' lang='lat' dir='ltr'><strong>fidem</strong></span> <span class='ocrx_word' id='word_1_214' title='bbox 758 2516 862 2570; x_wconf 87' lang='lat' dir='ltr'><strong>faciunt.</strong></span> <span class='ocrx_word' id='word_1_215' title='bbox 898 2516 1034 2572; x_wconf 71' lang='lat' dir='ltr'><strong>Proximis</strong></span> 
     </span>
     <span class='ocr_line' id='line_1_30' title="bbox 221 2592 1009 2664; baseline -0.008 -12"><span class='ocrx_word' id='word_1_216' title='bbox 221 2597 301 2652; x_wconf 85' lang='lat' dir='ltr'><strong>Gallis</strong></span> <span class='ocrx_word' id='word_1_217' title='bbox 321 2601 348 2651; x_wconf 92' lang='lat' dir='ltr'><strong>et</strong></span> <span class='ocrx_word' id='word_1_218' title='bbox 370 2597 464 2651; x_wconf 88' lang='lat' dir='ltr'><strong>similes</strong></span> <span class='ocrx_word' id='word_1_219' title='bbox 484 2600 553 2659; x_wconf 89' lang='lat' dir='ltr'><strong>sunt,</strong></span> <span class='ocrx_word' id='word_1_220' title='bbox 573 2614 619 2650; x_wconf 91' lang='lat' dir='ltr'><strong>seu</strong></span> <span class='ocrx_word' id='word_1_221' title='bbox 641 2593 749 2649; x_wconf 88' lang='lat' dir='ltr'><strong>durante</strong></span> <span class='ocrx_word' id='word_1_222' title='bbox 774 2592 877 2664; x_wconf 87' lang='lat' dir='ltr'><strong>originis</strong></span> <span class='ocrx_word' id='word_1_223' title='bbox 900 2593 933 2658; x_wconf 85' lang='lat' dir='ltr'><strong>vi,</strong></span> <span class='ocrx_word' id='word_1_224' title='bbox 956 2611 1009 2664; x_wconf 83' lang='lat' dir='ltr'><strong>seu,</strong></span> 
     </span>
    </p>
   </div>
   <div class='ocr_carea' id='block_1_5' title="bbox 218 2669 1034 3050">
    <p class='ocr_par' dir='ltr' id='par_1_5' title="bbox 218 2669 1034 3050">
     <span class='ocr_line' id='line_1_31' title="bbox 220 2669 1009 2744; baseline -0.005 -16"><span class='ocrx_word' id='word_1_225' title='bbox 220 2673 427 2744; x_wconf 84' lang='lat' dir='ltr'><strong>procurrentibus</strong></span> <span class='ocrx_word' id='word_1_226' title='bbox 438 2673 466 2727; x_wconf 92' lang='lat' dir='ltr'><strong>in</strong></span> <span class='ocrx_word' id='word_1_227' title='bbox 477 2671 576 2727; x_wconf 86' lang='lat' dir='ltr'><strong>diversa</strong></span> <span class='ocrx_word' id='word_1_228' title='bbox 590 2671 674 2738; x_wconf 87' lang='lat' dir='ltr'><strong>terris,</strong></span> <span class='ocrx_word' id='word_1_229' title='bbox 686 2669 780 2741; x_wconf 87' lang='lat' dir='ltr'><strong>positio</strong></span> <span class='ocrx_word' id='word_1_230' title='bbox 797 2670 850 2724; x_wconf 82' lang='lat' dir='ltr'><strong>cali</strong></span> <span class='ocrx_word' id='word_1_231' title='bbox 862 2669 1009 2740; x_wconf 87' lang='lat' dir='ltr'><strong>corporibus</strong></span> 
     </span>
     <span class='ocr_line' id='line_1_32' title="bbox 219 2743 1034 2805; baseline -0.002 -1"><span class='ocrx_word' id='word_1_232' title='bbox 219 2749 336 2805; x_wconf 90' lang='lat' dir='ltr'><strong>habitum</strong></span> <span class='ocrx_word' id='word_1_233' title='bbox 353 2749 431 2804; x_wconf 90' lang='lat' dir='ltr'><strong>dedit.</strong></span> <span class='ocrx_word' id='word_1_234' title='bbox 466 2749 500 2804; x_wconf 92' lang='lat' dir='ltr'><strong>In</strong></span> <span class='ocrx_word' id='word_1_235' title='bbox 514 2749 662 2803; x_wconf 86' lang='lat' dir='ltr'><strong>universum</strong></span> <span class='ocrx_word' id='word_1_236' title='bbox 669 2751 756 2801; x_wconf 83' lang='lat' dir='ltr'><strong>tamen</strong></span> <span class='ocrx_word' id='word_1_237' title='bbox 773 2747 907 2800; x_wconf 86' lang='lat' dir='ltr'><strong>aestimanti</strong></span> <span class='ocrx_word' id='word_1_238' title='bbox 924 2743 1034 2802; x_wconf 73' lang='lat' dir='ltr'><strong>Gallost</strong></span> 
     </span>
     <span class='ocr_line' id='line_1_33' title="bbox 219 2823 1010 2896; baseline -0.006 -15"><span class='ocrx_word' id='word_1_239' title='bbox 219 2826 328 2882; x_wconf 81' lang='lat' dir='ltr'><strong>vicinam</strong></span> <span class='ocrx_word' id='word_1_240' title='bbox 344 2826 451 2881; x_wconf 86' lang='lat' dir='ltr'><strong>insulam</strong></span> <span class='ocrx_word' id='word_1_241' title='bbox 467 2826 602 2896; x_wconf 71' lang='lat' dir='ltr'><strong>occupasse</strong></span> <span class='ocrx_word' id='word_1_242' title='bbox 614 2823 732 2880; x_wconf 88' lang='lat' dir='ltr'><strong>credibile</strong></span> <span class='ocrx_word' id='word_1_243' title='bbox 749 2826 796 2877; x_wconf 89' lang='lat' dir='ltr'><strong>est.</strong></span> <span class='ocrx_word' id='word_1_244' title='bbox 830 2823 926 2878; x_wconf 83' lang='lat' dir='ltr'><strong>Eorum</strong></span> <span class='ocrx_word' id='word_1_245' title='bbox 938 2839 1010 2876; x_wconf 89' lang='lat' dir='ltr'><strong>sacra</strong></span> 
     </span>
     <span class='ocr_line' id='line_1_34' title="bbox 219 2897 1010 2974; baseline -0.006 -16"><span class='ocrx_word' id='word_1_246' title='bbox 219 2901 401 2974; x_wconf 84' lang='lat' dir='ltr'><strong>deprehendas,</strong></span> <span class='ocrx_word' id='word_1_247' title='bbox 417 2902 627 2974; x_wconf 89' lang='lat' dir='ltr'><strong>superstitionum</strong></span> <span class='ocrx_word' id='word_1_248' title='bbox 643 2899 824 2972; x_wconf 78' lang='lat' dir='ltr'><strong>persuasione3</strong></span> <span class='ocrx_word' id='word_1_249' title='bbox 842 2916 924 2952; x_wconf 91' lang='lat' dir='ltr'><strong>sermo</strong></span> <span class='ocrx_word' id='word_1_250' title='bbox 941 2897 1010 2953; x_wconf 91' lang='lat' dir='ltr'><strong>haud</strong></span> 
     </span>
     <span class='ocr_line' id='line_1_35' title="bbox 218 2973 1010 3050; baseline -0.011 -12"><span class='ocrx_word' id='word_1_251' title='bbox 218 2980 330 3038; x_wconf 86' lang='lat' dir='ltr'><strong>multum</strong></span> <span class='ocrx_word' id='word_1_252' title='bbox 345 2979 467 3045; x_wconf 84' lang='lat' dir='ltr'><strong>diversus,</strong></span> <span class='ocrx_word' id='word_1_253' title='bbox 479 2979 508 3034; x_wconf 91' lang='lat' dir='ltr'><strong>in</strong></span> <span class='ocrx_word' id='word_1_254' title='bbox 522 2977 688 3050; x_wconf 87' lang='lat' dir='ltr'><strong>deposcendis</strong></span> <span class='ocrx_word' id='word_1_255' title='bbox 698 2975 816 3050; x_wconf 86' lang='lat' dir='ltr'><strong>periculis</strong></span> <span class='ocrx_word' id='word_1_256' title='bbox 832 2974 919 3030; x_wconf 86' lang='lat' dir='ltr'><strong>eadem</strong></span> <span class='ocrx_word' id='word_1_257' title='bbox 934 2973 1010 3031; x_wconf 77' lang='lat' dir='ltr'><strong>auda.</strong></span> 
     </span>
    </p>
   </div>
   <div class='ocr_carea' id='block_1_6' title="bbox 0 0 1292 3592">
    <p class='ocr_par' dir='ltr' id='par_1_6' title="bbox 0 0 1292 3592">
     <span class='ocr_line' id='line_1_36' title="bbox 0 0 1292 3592; baseline 0 2"><span class='ocrx_word' id='word_1_258' title='bbox 0 0 1292 3592; x_wconf 95' lang='lat' dir='ltr'><strong> </strong></span> 
     </span>
    </p>
   </div>
  </div>
 </body>
</html>
