2575 3592
203 472 232 509 A·
243 471 268 509 D.
279 471 321 519 Μ
387 407 639 456 HISTORIARUM
657 406 693 455 11.
710 406 813 457 44-47.
962 401 995 456 77

204 521 332 592 ambiguo,
354 522 425 574 oerta
443 519 535 575 funera
552 524 580 575 et
597 519 691 584 luotus,
712 535 760 572 nee
780 515 912 590 quisquam
932 515 995 572 adeo

203 597 266 652 mali
276 615 375 667 expers,
388 601 419 651 ut
430 615 482 651 non
499 597 608 668 sliqusm
619 600 728 651 mortem
739 598 862 650 maereret.
898 594 1019 664 Requi-o

203 674 284 730 situm
308 674 399 730 Orfidii
421 674 500 746 legati
521 692 613 746 eorpus
632 674 728 728 honore
751 671 826 728 solito
850 675 993 737 erematur;

202 771 300 825 paueoe
315 753 450 808 necessarii
467 754 580 824 ipsorum
597 753 750 824 sepelirem
769 755 889 807 eaeterum
901 749 994 822 vulgus

202 849 284 902 super
293 831 399 892 humum
410 830 535 886 relietum.

240 907 427 978 Opperiebatur
438 908 508 963 Otho
519 909 647 973 nuntium,
664 925 756 979 pugne
773 925 931 978 nequaqnam
943 909 993 962 tre-
1003 905 1041 960 lo

201 986 287 1059 pidns,
308 995 337 1041 et
353 986 452 1042 eonsilii
467 989 561 1042 eertus.
596 985 691 1040 Maesta
711 985 821 1056 primum
840 985 916 1050 lama,
935 983 995 1041 dein

201 1064 307 1137 profugi
329 1083 345 1119 e
364 1064 451 1135 praelio
468 1064 581 1137 perditas
603 1083 645 1119 res
666 1063 832 1135 pstefsoiunt.
868 1061 930 1118 Non
950 1069 1019 1118 Μ

202 1141 330 1213 spectarit
352 1141 463 1197 militum
486 1141 561 1196 ardor
580 1159 669 1196 vooem
689 1140 857 1211 imperatoris.
892 1140 995 1196 Bonum

201 1221 309 1277 liaberet
318 1220 428 1275 animum
435 1220 575 1293 jubebant:
594 1239 726 1292 superesse
734 1219 816 1275 sdhuo
827 1237 906 1275 novas
917 1220 993 1286 vires,

200 1303 230 1355 et
249 1299 320 1369 ipsos
338 1301 452 1353 extreme
475 1316 594 1370 passuros
617 1315 781 1368 ausurosque.
825 1296 917 1368 Neque
939 1301 1019 1353 erat3

201 1376 333 1431 adulatio:
351 1375 389 1430 ire
396 1375 424 1430 in
435 1376 521 1441 selem,
532 1375 643 1430 excitare
652 1375 762 1447 partium
769 1373 897 1428 fortunam
909 1374 995 1430 lurore

201 1452 312 1524 quodam
322 1456 349 1508 et
357 1451 637 1524 instinctullsgrabaut.
673 1450 823 1522 Quiproeul
835 1449 993 1517 adstiterunt,

200 1529 310 1586 tendere
317 1549 414 1592 menos,
425 1534 452 1586 et
460 1530 568 1601 proximi
575 1548 695 1600 prensare
706 1546 797 1600 gean
806 1528 994 1599 promptissimo

200 1607 290 1664 Plotio
301 1607 395 1662 Firmo.
432 1608 460 1663 Is
474 1607 587 1679 pretorii
601 1607 737 1678 prefectus
751 1603 890 1660 identidem
905 1605 1019 1662 orsbatl

199 1704 235 1742 ne
247 1684 398 1740 fidissimum
409 1685 556 1750 exereitum,
568 1702 601 1738 ne
618 1683 714 1755 optime
729 1681 833 1738 meritos
844 1681 939 1738 milites
951 1685 994 1739 de-

199 1765 314 1818 sereret:
341 1764 437 1832 majore
449 1761 533 1817 animo
544 1761 647 1817 tolerari
659 1759 764 1816 adversa
775 1777 850 1831 quam
868 1759 993 1832 relinqui;

199 1840 282 1894 fortes
294 1843 322 1894 et
333 1842 451 1894 strenuos
463 1839 540 1894 etiam
555 1842 645 1894 eontra
660 1838 790 1894 fortunam
801 1837 918 1892 insistere
930 1837 992 1908 spei,

199 1916 306 1972 timidos
315 1919 342 1970 et
348 1914 701 1987 ignavossddesperationem
708 1914 841 1970 formidine
850 1933 992 1986 properare.

200 1994 274 2052 Quas
292 1993 362 2048 inter
381 2011 456 2049 voees
473 1995 505 2047 nt
524 1993 630 2048 flexerat
650 1992 750 2048 vultum
768 1996 814 2047 aut
830 1990 1016 2048 induraverst5

200 2071 279 2135 Otho,
289 2070 386 2124 elamor
397 2073 424 2125 et
435 2069 554 2142 gemitus.
590 2069 648 2124 Neo
656 2069 801 2141 pretoriani
813 2072 922 2133 tautum,
936 2076 1017 2139 pro-6

199 2147 272 2218 prius
291 2146 403 2202 Othonis
426 2146 506 2214 miles,
525 2146 572 2201 sed
594 2147 718 2218 premissi
738 2164 753 2201 e
773 2145 866 2201 Moesia
887 2143 994 2200 eandem

199 2223 400 2278 obstinationem
430 2222 592 2279 adventantis
622 2223 756 2288 exereitus,
779 2221 891 2293 legiones
914 2221 994 2292 Aqui·

199 2299 275 2356 leiam
295 2300 424 2372 ingressus
445 2299 615 2367 nuntiabant3
643 2304 675 2355 nt
697 2316 772 2354 nemo
795 2297 896 2354 dubitet
919 2303 994 2369 potu·

198 2383 252 2433 isse
263 2377 381 2432 renouari
397 2377 584 2443 bellum'atrox,
602 2376 717 2449 lugubre,
736 2375 861 2430 insertum
878 2374 953 2431 vietis
965 2379 992 2431 et

199 2453 350 2510 violentus.
385 2454 453 2525 Ipse,
476 2471 580 2510 aversus
601 2472 617 2508 a
636 2453 748 2509 consiliis
771 2451 838 2519 belli,
862 2451 1035 2519 “Hune’'tl

200 2530 293 2602 inquit,
306 2536 324 2561 “
332 2531 454 2597 animum,
465 2532 531 2587 hano
538 2531 661 2586 virtutem
672 2533 783 2586 vestram
794 2528 863 2584 ultra
873 2530 992 2602 perieulis

201 2607 312 2679 objiosre
321 2608 397 2663 nimis
406 2608 502 2680 grande
512 2608 573 2664 vitae
583 2626 647 2663 mee
658 2607 768 2679 pretium
780 2612 851 2678 puto.
886 2607 992 2668 Quanto

201 2683 260 2756 plns
271 2685 326 2757 spei
342 2684 485 2750 ostenditis,
498 2684 521 2740 si
537 2685 623 2741 rivere
634 2685 754 2756 plneeret,
772 2688 845 2740 tauto
862 2683 992 2756 pulehrior

202 2779 273 2816 mors
287 2762 344 2818 erit.
380 2763 491 2834 Experti
506 2762 534 2818 in
552 2762 632 2817 vicem
654 2781 749 2827 sumus,
768 2779 816 2833 ego
832 2779 862 2816 ao
879 2761 1013 2816 fortunat

202 2837 262 2894 Neo
277 2842 380 2910 tempus
399 2838 623 2912 eomputaveritis:
651 2837 776 2894 difficilius
794 2840 834 2892 est
849 2840 991 2906 temperare

202 2915 328 2982 felicitati,
340 2935 392 2989 qus
402 2921 430 2973 te
440 2935 493 2973 non
507 2921 582 2988 putes
598 2915 643 2971 diu
654 2933 768 2972 usurum.
805 2913 886 2969 Civile
896 2911 1013 2968 bellums

202 2994 337 3052 aVitellio
350 2995 435 3068 ooepit,
448 2998 475 3052 et
489 2998 520 3050 ut
536 2994 569 3050 de
584 2993 729 3066 prinoipetu
740 2993 896 3048 certaremus
907 2987 992 3058 armh,
