2575 3592
314 409 344 468 it
644 416 764 465 uncrur
904 435 907 444 .
933 475 961 525 [A
980 461 1041 515 Μ
1050 460 1097 516 m

289 531 400 600 2poatca
410 527 533 584 creditum
545 531 593 593 eat,
604 527 702 582 insidiis
714 531 740 582 et
756 525 921 582 simulatione.
957 525 1057 580 Missus
1070 531 1100 580 et

312 606 401 661 (iebus
413 605 513 659 Mariua
524 605 556 659 ad
568 605 661 660 electos
674 604 770 676 lllyrici
787 604 921 668 exereitus,
933 601 1058 672 Vipsania
1069 603 1100 656 in

288 692 304 738 3
310 683 411 754 porticu
421 681 562 737 tendentes.
597 682 756 752 Praeceptum
774 681 875 735 Amulio
892 681 985 735 Sereno
1000 683 1028 734 et
1044 680 1102 734 Do:

310 759 383 815 mitio
407 759 499 813 Sabino
519 758 715 829 primipilaribus
736 763 766 812 ut
789 757 949 812 Germanicos
970 756 1063 810 milites
1084 760 1100 812 θ’

271 831 691 891 ·lIibertatiaatricacoerscrent.
727 834 951 908 Legioniclaasicae
959 833 1099 898 diffidebat,-

310 914 409 969 inieata
426 913 459 968 ob
476 913 569 968 cadem
587 912 792 978 commilitonum,
817 929 880 984 quos
903 911 984 982 primo
1007 910 1099 964 statim

288 991 417 1046 tiutroitu
433 990 603 1045 tmcidaverat
620 989 707 1045 Galba
744 990 858 1062 Pergmrt
876 989 952 1044 etiam
967 988 995 1043 in
1011 991 1101 1042 castra

309 1069 517 1141 pretorianorum
526 1067 628 1135 tribuni,
638 1067 740 1123 Cetrius
749 1069 864 1134 Severus,
873 1066 978 1122 Subrius
988 1065 1096 1130 Dc'xter,

309 1145 445 1217 Pompeius
469 1145 608 1216 Longinus,
633 1145 657 1200 εἰ
678 1145 800 1216 incipiens
823 1143 905 1199 adhue
932 1145 959 1198 et
985 1142 1099 1197 necdum

287 1223 396 1283 tadulta
403 1222 494 1278 ecditio
505 1222 650 1278 meboribus
662 1223 771 1278 consiliis
783 1223 934 1278 flecteretur.
957 1219 1098 1290 ,ll'ibuuo-

309 1319 365 1355 rum
378 1300 496 1355 Subrium
505 1305 531 1355 ct
544 1300 658 1354 Cetrium
668 1299 750 1354 adorti
758 1299 939 1362 militesminis,
949 1297 1097 1367 Longinum

308 1378 423 1434 mambus
436 1382 552 1433 coercent
561 1387 749 1448 exornantque,
763 1378 881 1448 quianon
892 1375 979 1431 ordine
988 1374 1096 1440 militiae,

308 1455 379 1511 aede
392 1455 478 1511 Galbae
490 1455 584 1519 amicis,
597 1453 663 1508 fidus
681 1454 787 1525 principi
799 1473 845 1509 auo
858 1457 884 1508 et
896 1452 1096 1508 desciscentibus

287 1525 301 1587 i
308 1534 449 1604 suspectior
461 1536 523 1587 erat.
559 1531 641 1603 Legio
654 1531 757 1586 classica
766 1531 827 1587 nihil
835 1533 953 1598 cunctata
964 1531 1096 1601 praetoria-

292 1681 295 1685 y
307 1612 348 1664 nia
360 1609 515 1682 adjungitur.
543 1608 640 1680 Illyrici
651 1609 777 1664 exercituo
789 1609 862 1664 electi
872 1608 974 1663 Celsum
985 1607 1096 1678 ingestis

285 1687 364 1758 apilio
387 1685 546 1758 proturbant.
598 1686 747 1740 Gemanica
771 1686 862 1740 vexilla
891 1685 935 1739 diu
962 1689 1093 1749 notavere,
1148 1751 1149 1761 ἵ

306 1763 422 1818 irrvalidis
440 1762 522 1818 adhuc
537 1762 684 1833 corporibus
697 1767 723 1818 et
735 1763 839 1834 placatis
856 1762 952 1828 animis,
970 1761 1038 1833 quod
1050 1779 1095 1817 eos

307 1840 442 1895 aNeroue
459 1838 640 1895 Alexandriam
658 1841 800 1910 praemissos
824 1843 901 1910 atque
928 1838 986 1894 inde
1004 1857 1095 1894 rursus

306 1916 382 1988 longa
400 1917 563 1987 navigatione
575 1934 656 1988 egros
668 1916 818 1988 impensiore
831 1935 891 1972 cura
908 1916 987 1971 Galba
998 1917 1095 1971 refove·

264 1988 358 2048 cabaa.
393 1993 521 2049 Universa
535 1993 588 2065 jam
609 1992 680 2064 plebs
704 1994 830 2049 Palatium
854 1993 981 2064 implebat,
1007 1994 1095 2049 mixtis

306 2072 423 2138 seruitiis,
445 2072 472 2128 et
491 2071 593 2128 dissono
614 2073 722 2128 clamore
746 2074 839 2130 caedem
857 2074 966 2129 Othonia
987 2077 1014 2128 et
1033 2091 1095 2129 con-

301 2153 447 2220 paratum
458 2149 565 2204 ninum
579 2150 788 2221 posoenummt
801 2149 1093 2206 sinoneoaemeatro
1146 2123 1147 2207 l

303 2227 429 2283 ludicrum
446 2227 548 2299 aliquod
559 2227 733 2298 postularent:
751 2247 834 2300 neque
848 2227 898 2283 illis
907 2227 1031 2300 judicium
1047 2233 1093 2284 aut

304 2305 406 2374 veritas,
418 2305 511 2377 quippe
530 2304 622 2360 eodem
641 2305 683 2360 die
701 2305 800 2361 diversa
815 2305 870 2377 pari
884 2306 1020 2360 certamine
1037 2323 1094 2377 pos·

303 2381 431 2447 tulaturia,
460 2381 505 2437 aed
532 2381 627 2437 tradito
654 2401 723 2438 more
753 2385 927 2455 quemcunque
955 2383 1094 2455 principem

303 2456 423 2513 adulandi
450 2458 552 2514 licentia
574 2459 781 2515 reclamationum
804 2463 830 2515 et
854 2459 945 2515 studiis
968 2460 1091 2516 inanibus.

281 2536 412 2592 aluterim
436 2535 542 2590 Galbam
565 2536 621 2592 dura
651 2538 783 2593 sententia
810 2537 972 2593 distinebant.
1018 2537 1092 2594 litus
1144 2547 1145 2564 ¹

303 2612 395 2668 Vinius
408 2612 558 2666 manendum
567 2613 635 2668 intra
645 2614 755 2680 domum,-
769 2614 917 2686 opponenda
928 2615 1037 2680 servitia,
1050 2616 1093 2670 tir·¹

280 2688 408 2744 8maudos
420 2689 513 2753 aditur,
526 2707 578 2743 uon
593 2691 704 2745 eundum
716 2691 749 2746 ad
759 2692 838 2746 iratos
850 2692 975 2748 censebat.
1011 2691 1090 2748 Daret

302 2766 426 2821 malorum
435 2765 595 2836 penitentie,
609 2765 681 2821 daret
692 2767 815 2822 bonorum
827 2770 961 2823 consensui
973 2769 1088 2838 spatium.
1143 2803 1144 2873 p

271 2842 405 2900 inceleri
415 2842 520 2913 impetu,
532 2840 599 2896 bona
610 2843 714 2897 consilia
724 2862 795 2898 mora
806 2844 938 2899 valescere.
974 2845 1089 2915 Denique

303 2919 380 2974 eundi
399 2917 510 2982 ultroati
527 2918 594 2972 ratio
610 2917 654 2982 ait,
673 2918 777 2974 eamdem
794 2929 855 2974 mox
872 2920 1033 2986 facultatem
1051 2939 1089 2975 re·
1142 2969 1143 2982 ,

260 2993 720 3070 maraunanpaniteaoinmena
732 2997 864 3066 polanae.
909 2995 1086 3053 retundam
