2575 3592
247 380 250 384 ⁵
275 411 323 460 aea
609 407 729 455 rncrrr

907 469 941 517 [Δ.
953 467 979 507 U.
989 470 1012 508 0.
1022 469 1065 512 828.

275 523 315 577 cia
334 524 369 586 et,
386 519 582 584 ubiradvenera
601 519 630 573 in
650 518 821 574 detrectandis
841 518 928 574 eadem
948 519 1065 580 formido.

253 599 337 656 tPlus
349 602 436 652 tamen
446 597 546 651 ferocia
554 596 672 651 Britanni
683 596 829 667 praeferunt,
837 600 868 650 ut
878 613 940 666 quos
952 595 1066 650 nondum

273 675 350 748 longa
371 693 424 745 pax
446 673 586 728 emollierit.
622 673 692 727 Nam
714 672 799 727 Gallos
824 691 923 743 quoque
945 671 1067 726 inbellis
1141 699 1142 702 ¹

273 752 390 806 floruisse
410 750 569 819 accepimus3
595 768 655 803 mox
672 749 782 820 segnitia
802 767 861 804 cum
879 749 931 802 otio
951 749 1067 815 intravit,

274 830 366 884 amissa
377 831 473 882 virtute
484 827 579 896 pariter
591 844 620 880 ac
631 825 757 882 libertate.
795 824 872 884 Quod
884 825 1069 880 Britannorum

274 905 334 960 olim
346 905 420 959 victis
434 904 534 958 evenit:
554 903 640 958 caeteri
655 907 758 956 manent
770 902 857 974 quales
870 901 936 956 Galli
952 902 1067 958 fuerunt.

232 980 308 1036 12111
319 981 405 1051 pedite
416 979 510 1047 robnr;
529 979 641 1051 quadam
654 979 770 1034 nationes
783 985 809 1034 et
821 997 899 1034 curru
911 978 1067 1049 preliantur.
1141 1033 1142 1040 ,

273 1058 414 1114 Honestior
428 1057 532 1128 auriga:
554 1057 657 1112 clientes
672 1061 842 1128 propugnant.
878 1055 947 1110 Olim
962 1057 1068 1128 regibus
1141 1093 1142 1104 ἢ

274 1135 403 1204 parebant,
415 1152 483 1188 nunc
496 1153 546 1204 per
557 1133 684 1203 principes
701 1132 855 1188 factionibus
867 1137 893 1187 et
910 1131 1003 1187 studiis
1015 1138 1069 1188 tra·

251 1211 376 1266 2huntur.
412 1211 469 1265 Nec
489 1209 558 1264 alind
576 1209 698 1264 adversus
719 1209 885 1265 validissimas
906 1213 997 1280 gentes
1019 1229 1068 1280 pro

271 1288 344 1344 nobis
361 1288 457 1352 utilius,
477 1306 554 1358 qnam
571 1286 639 1358 quod
655 1287 683 1342 in
700 1305 831 1342 commune
848 1305 899 1341 non
917 1286 1068 1347 consulunt.

272 1371 357 1427 Rarus
380 1372 478 1426 duabus
501 1371 615 1426 tribusve
638 1371 784 1426 civitatibus
808 1369 840 1424 ad
864 1369 1068 1440 propulsandum
1141 1383 1142 1444 ξ

272 1467 404 1504 commune
424 1448 564 1518 periculum
585 1453 741 1502 conventus:
769 1447 806 1501 ita
824 1447 918 1518 singuli
938 1453 1065 1518 pugnant,
1141 1467 1142 1488 i

251 1527 384 1580 8universi
396 1526 539 1581 vincuntur.
576 1525 672 1579 Caelum
681 1524 775 1580 crebris
787 1522 910 1578 imbribus
922 1541 952 1578 ac
963 1523 1067 1580 nebulis

271 1602 385 1668 foedum;
403 1603 526 1672 asperitas
535 1602 658 1672 frigorum
670 1601 750 1656 abest.
787 1601 893 1655 Dierum
902 1601 988 1670 spatia
996 1602 1068 1656 ultra

179 1728 185 1736 ,
271 1681 355 1733 nostri
366 1679 434 1734 orbis
446 1697 605 1744 mensuram
618 1696 670 1732 nox
681 1677 749 1732 clara
760 1680 786 1732 et
798 1681 912 1731 extrema
922 1677 1066 1733 Britanniae

270 1763 344 1824 parte
356 1755 447 1820 brevis,
459 1759 489 1810 nt
501 1756 576 1810 finem
588 1759 665 1825 atque
677 1754 777 1809 initium
789 1753 852 1808 lucis
868 1753 962 1824 exiguo
974 1753 1066 1810 discri-

249 1831 338 1887 tmine
358 1832 521 1886 internosces.
558 1831 659 1890 Quodsi
676 1831 756 1886 nubes
776 1849 829 1886 non
845 1830 963 1896 officiant,
983 1833 1065 1901 aspici

270 1912 426 1978 pernoctem
437 1908 496 1962 solis
505 1907 636 1978 fulgorem,
647 1926 694 1962 nec
706 1907 819 1962 occidere
831 1911 858 1962 et
870 1925 1009 1978 exsurgere
1018 1909 1066 1964 sed

269 1985 377 2039 transire
389 1985 519 2038 affirmant.
556 1985 659 2040 Scilicet
675 1989 789 2040 extrema
801 1987 827 2038 et
839 1983 915 2054 plana
926 1988 1063 2051 terrarum,

268 2061 358 2117 humili
372 2061 467 2127 umbra,
480 2079 532 2115 non
543 2063 647 2132 erigunt
662 2060 787 2130 tenebras,
799 2061 915 2132 infraque
931 2061 1019 2116 caelum
1036 2067 1065 2116 et

247 2138 351 2194 asidera
369 2157 420 2194 nox
440 2137 515 2193 cadit.
552 2139 645 2206 Solum,
666 2141 759 2209 praeter
782 2136 862 2192 oleam
883 2137 1014 2208 vitemque
1035 2144 1065 2194 et

268 2219 360 2270 caetera
377 2215 536 2271 calidioribus
553 2215 629 2270 terris
651 2215 712 2270 oriri
729 2218 809 2279 sueta,
828 2213 927 2285 patiens
947 2213 1063 2286 frugum,

267 2292 411 2348 fecundum.
447 2292 528 2348 Tarde
543 2293 688 2356 mitescunt,
704 2292 754 2346 cito
770 2291 924 2361 proveniunt
933 2313 941 2357 ;
960 2293 1064 2346 eadem-

268 2388 318 2440 que
334 2371 467 2440 utriusque
482 2370 519 2424 rei
534 2388 619 2433 cansa,
635 2368 731 2423 multus
748 2369 838 2422 humor
852 2372 976 2422 terrarum
995 2369 1064 2423 caeli-

244 2452 323 2516 tque.
354 2445 415 2500 Fert
423 2447 556 2500 Britannia
567 2465 657 2500 aurum
670 2449 697 2500 et
709 2449 842 2516 argentum
854 2447 880 2498 et
892 2443 941 2498 alia
949 2444 1061 2508 metalla,

267 2521 376 2591 pretium
397 2523 516 2578 victoriae.
553 2523 689 2594 Gignit'et
709 2523 826 2576 Oceanus
846 2520 992 2592 margarita,
1015 2522 1063 2577 sed

267 2597 379 2652 suffusca
394 2616 423 2652 ac
439 2598 549 2654 liventia
586 2599 698 2658 Quidam
715 2603 795 2653 artem
811 2597 898 2652 abesse
914 2597 1062 2668 legentibus

267 2673 435 2728 arbitrantur:
454 2677 554 2730 namin
564 2676 642 2730 rubro
659 2675 721 2729 mari
733 2676 790 2729 viva
806 2693 836 2729 ac
852 2673 975 2745 spirantia
991 2675 1063 2730 saxis

246 2750 347 2814 tavelli,
366 2751 393 2804 in
414 2751 554 2816 Britannia,
574 2757 650 2822 prout
668 2752 773 2822 expulsa
793 2752 852 2816 sint,
872 2750 963 2821 colligi.
1001 2751 1063 2822 Ego

266 2824 363 2878 facilius
383 2825 540 2892 crediderim,
561 2833 680 2882 naturam
703 2827 846 2899 margaritis
871 2827 958 2882 deesse
983 2845 1063 2898 quam

266 2899 338 2952 nobis
350 2903 487 2956 arentiam.

221 2970 259 3024 13
299 2972 354 3042 Ipsi
375 2977 492 3032 Britanni
513 2976 636 3033 delectum
660 2997 690 3035 ac
712 2979 809 3036 tributa
832 2983 859 3035 et
882 2981 999 3050 injuncta
1014 2979 1063 3035 irn-
1141 3009 1142 3056 3
