2575 3592
308 418 354 465 218
647 416 767 463 sectr!

943 478 979 526 [a
989 478 1016 517 u.
1027 480 1107 517 cers.

307 526 380 583 rendi
391 544 462 581 emor
474 528 501 580 et
518 526 642 581 moriendi
660 532 830 598 contemptim.
866 526 981 598 Corpora
995 527 1107 598 condere

308 624 384 675 quam
395 620 514 668 cremare,
528 622 542 658 e
560 620 630 657 more
648 604 787 675 AEgypti03
805 602 943 675 eademque
960 609 1064 659 comet
1074 604 1108 659 de

286 682 413 736 fiinlernis
426 680 564 751 persuasio.
601 679 749 734 Oelestinm
761 685 859 735 contra
894 681 1014 753 AEgyptii
1025 682 1111 751 plere·

309 777 358 829 que
370 758 486 813 animalia
502 757 647 828 effigiesque
663 748 819 845 ¹compqpitas
834 762 1004 825 venerantum
1024 758 1110 816 Judan'

309 840 394 890 mente
411 834 465 889 cola
482 852 612 903 unumque
628 852 723 889 numen
740 835 904 906 intelligunt:
921 835 1047 906 profanos
1066 835 1109 906 qui

310 910 385 966 deum
396 911 518 981 imagines
529 910 681 966 mortalibus
697 913 811 967 materiis
822 913 851 967 in
867 911 966 983 species
976 912 1113 970 hominum

309 989 444 1060 effingent3
462 1007 590 1043 summum
609 988 674 1043 illud
693 994 721 1043 ct
741 994 865 1044 aeternum
885 1007 969 1061 neque
984 989 1114 1045 imitabile

289 1067 722 1215 ,tetensteten
734 1066 1113 1225 tlltt'tlssttlll

310 1237 362 1273 uon
388 1218 531 1275 Cesaribus
558 1220 647 1275 honor.
683 1220 735 1276 Sed
761 1221 821 1292 quie
845 1219 992 1276 secerdotes
1021 1236 1112 1275 eorum

310 1295 374 1351 tibia
398 1297 576 1369 tympanisque
602 1298 777 1364 concinebant,
803 1298 898 1353 hedera
922 1297 1110 1361 vinciebantur,

311 1372 421 1445 vitisque
441 1392 518 1428 aurea
538 1374 633 1445 templo
654 1379 763 1445 reperta,
786 1374 908 1430 Liberum
928 1378 1034 1446 petrem
1056 1375 1109 1439 coli,

311 1449 461 1505 domitorem
474 1450 595 1515 Orientis,
609 1450 714 1521 quidam
729 1452 846 1506 arbitrati
861 1454 930 1516 eunt,
947 1470 1111 1523 nequaquam

311 1527 510 1599 congruentibus
522 1527 657 1583 institutis.
694 1528 794 1599 Quippe
806 1528 882 1583 liber
892 1528 975 1583 festos
986 1528 1112 1601 latosque

311 1604 378 1659 ritus
390 1604 484 1675 posuit,
497 1604 514 1658 J
515 1604 645 1660 udcorum
659 1622 714 1660 mou
726 1604 851 1661 absmdos
863 1605 1045 1679 sordidosque.

288 1695 305 1747 6
346 1681 425 1735 Terre
436 1680 555 1753 finesque,
568 1700 619 1752 qua
630 1681 663 1736 ud
674 1682 807 1755 Orientem
822 1686 938 1754 vergunt,
951 1682 1053 1738 Arabia
1063 1687 1112 1738 ter-
1141 1711 1143 1730 ·

312 1756 456 1825 minantum
475 1759 872 1832 amendieAEgyptueobjacet3
890 1760 1111 1828 abocensnPbm

312 1840 382 1890 nicee
405 1843 432 1891 et
456 1854 540 1903 mare3
566 1838 766 1914 septentrionem
788 1856 804 1893 e
826 1838 906 1894 latere
930 1837 1014 1909 Syriae
1038 1838 1111 1911 longo

292 1918 484 1985 tprospecteut.
530 1916 644 1987 Corpora
663 1917 795 1971 hominum
814 1916 928 1971 salubria
949 1921 978 1972 et
1002 1918 1111 1973 ferentia

313 1990 435 2057 laborum.
472 1992 536 2047 Ruri
551 1992 653 2059 imbres,
670 1993 734 2048 uber
751 1994 841 2049 solum.
877 1993 978 2064 Fruges
993 2000 1111 2050 nostmnr

314 2068 346 2124 ad
365 2086 469 2134 morem,
490 2072 633 2141 preterque
654 2088 698 2125 ees
716 2070 857 2125 belenum
875 2075 902 2126 et
921 2072 1022 2141 polone
1058 2071 1112 2126 Pul·

292 2146 388 2201 tmetis
400 2146 538 2218 proceritas
548 2150 574 2201 et
586 2146 670 2201 decor.
706 2147 853 2201 Balsamum
865 2147 964 2217 medica
972 2148 1067 2203 arbor:
1085 2153 1111 2202 ul

315 2224 422 2296 quisque
433 2242 518 2278 mmus
534 2223 665 2289 intumuit,
686 2224 720 2292 (si
735 2224 787 2279 vim
799 2224 860 2279 ierri
877 2224 1007 2290 adhibeas,
1020 2229 1112 2297 pervent

315 2302 405 2370 vene)
419 2300 543 2371 fragmine
555 2300 645 2371 lapidis
658 2306 704 2355 aut
715 2304 784 2356 testa
799 2301 964 2373 sperirmtur;
982 2302 1112 2357 bumoriu

293 2380 367 2430 4usu
390 2377 544 2432 medentium
568 2380 616 2432 est.
652 2377 814 2448 Praecipuum
836 2379 963 2433 montium
985 2378 1110 2435 Libanum

316 2452 401 2523 erigit,
414 2454 507 2509 mirum
519 2452 597 2519 dictu,
610 2457 697 2509 tentos
709 2454 777 2509 inter
789 2449 894 2510 ardores
903 2474 1013 2525 opacum
1024 2455 1111 2519 lidum

316 2546 366 2597 que
385 2528 493 2587 niuibus.
530 2530 601 2585 Idem
625 2548 724 2585 emnem
748 2532 881 2587 Jordanen
903 2532 949 2587 alit
969 2532 1109 2603 funditque

316 2604 373 2659 Nec
385 2606 402 2657 J
403 2605 508 2660 ordanes
521 2606 609 2678 pelago
622 2608 752 2678 accipitur,
765 2609 811 2663 sed
823 2628 902 2664 unum
914 2613 993 2680 atquo
1005 2609 1110 2663 alterum

294 2679 398 2733 tlacum
407 2680 507 2750 integer
516 2683 627 2750 perfluit,
637 2684 716 2738 tertio
724 2686 859 2741 retinetur.
894 2685 1110 2741 Iaeusimmenso

317 2754 421 2825 ambitu,
433 2756 516 2823 specie
529 2759 612 2825 meris,
625 2777 715 2830 sapore
726 2763 878 2833 corruptior,
890 2763 1019 2833 gravitate
1030 2761 1109 2816 odoris
1136 2752 1140 2763 ¹

317 2830 407 2884 accolis
428 2830 540 2901 pestifer,
562 2852 644 2904 neque
665 2840 742 2890 rento
762 2838 910 2909 impellitur,
928 2856 1013 2909 neque
1031 2839 1108 2909 pisces

316 2909 362 2958 eut
373 2910 459 2969 suetas
471 2906 543 2976 equis
551 2909 667 2965 volucres
675 2912 780 2982 patitur.
817 2915 928 2988 Incerto
940 2915 1017 2971 undae
1026 2934 1107 2987 snper·

316 2980 392 3047 jecta,
404 2985 435 3035 ut
446 2980 534 3064 solido,
547 2983 633 3039 terunt
640 3008 649 3052 3
667 2988 743 3057 periti
751 2989 913 3064 imperitique
921 2991 998 3047 nandi
1007 2990 1106 3063 perinde

329 3080 334 3090 ¹
464 3072 489 3116 't
518 3071 556 3115 ΚΝ
668 3092 674 3106 ι’
698 3069 759 3100 ”’·’“
821 3063 847 3113 ¹«
882 3066 1051 3123 },1'.‚‘e(;‚,·
