2575 3592
290 415 338 462 286
616 411 766 461 uersus

289 542 346 581 rum
364 527 507 596 ternporrmr
524 524 694 596 eloquentiam
711 524 873 596 antiquorum
891 523 1000 595 ingeniis
1016 527 1082 580 aute
1140 511 1141 538 ι

292 602 379 657 terret.

266 682 285 738 2
326 679 394 733 Nam
406 682 507 750 postero
524 677 565 732 die
577 696 652 748 quem
666 677 796 733 Curiatius
812 678 947 733 Maternus
960 677 1083 733 (latorem

291 756 449 822 recitaverat,
461 774 520 810 cum
531 754 667 810 offendisse
683 755 826 826 potentium
838 755 933 810 animos
946 754 1080 819 diceretur,

291 836 411 903 tanquam
422 833 449 886 in
460 849 491 886 eo
506 831 634 903 tragoedisr
651 836 800 903 argumento
812 832 853 886 sui
869 832 963 887 oblitus
980 836 1082 886 tantum
1140 887 1141 890 ,

292 909 414 963 Catonem
435 907 579 978 cogittsset,
599 927 679 980 eaque
698 907 730 964 dc
747 927 775 964 re
795 927 841 980 per
859 909 947 964 urbem
964 908 1083 979 frequens

292 1003 374 1040 sermo
393 985 535 1049 haberetur,
553 991 677 1040 venerunt
696 984 803 1040 adeum
820 985 858 1040 M.
868 987 938 1056 Aper
956 989 983 1040 et
1000 985 1082 1040 Julius

293 1061 432 1126 Secundus,
444 1061 605 1116 celeberrima
615 1066 672 1117 turn
685 1062 786 1134 ingenia
798 1062 847 1116 lori
858 1061 946 1126 nostri,
961 1080 1025 1132 quos
1037 1081 1083 1133 ego

292 1139 321 1194 in
332 1137 435 1209 judiciis
452 1157 504 1193 non
519 1143 641 1211 utrosque
659 1139 733 1194 modo
749 1139 863 1194 studiose
880 1137 1022 1197 audiebam.
1039 1138 1083 1194 sed

293 1216 360 1270 domi
376 1235 476 1288 quoque
493 1220 520 1271 et
536 1216 564 1270 in
580 1216 681 1288 publico
700 1216 842 1271 asseetsbsr
858 1215 923 1270 mire
940 1215 1083 1270 studiorum

293 1292 432 1364 cupiditate
444 1297 471 1348 et
483 1291 590 1364 quodem
606 1291 695 1347 ardore
704 1293 819 1364 juvenili,
831 1295 861 1347 ut
873 1291 971 1347 tabulas
984 1310 1084 1365 quoque

292 1390 380 1426 corum
396 1374 423 1426 et
438 1369 623 1441 disputationes
640 1375 666 1424 et
683 1388 773 1424 arcana
789 1374 891 1424 semotus
907 1369 1026 1424 diationis
1043 1388 1083 1440 pe-

291 1449 361 1503 nitus
373 1448 521 1518 exciperem,
534 1447 648 1518 quamvis
664 1447 772 1517 maligne
789 1447 901 1517 plerique
917 1447 1084 1516 opinarentur

291 1543 338 1580 nee
355 1525 470 1580 Secundo
486 1528 629 1595 promptum
648 1541 703 1577 esse
719 1541 866 1588 sermonem,
883 1525 910 1577 et
927 1524 1027 1594 Aprum
1043 1525 1082 1578 in-

291 1603 365 1673 genio
385 1602 470 1673 potius
490 1605 517 1655 et
537 1601 563 1654 ri
586 1605 683 1654 notura
703 1617 778 1670 quam
798 1599 958 1654 institutione
978 1605 1005 1654 et
1029 1599 1084 1654 lite-

269 1678 326 1737 sris
347 1679 439 1732 famam
459 1676 606 1748 eloquentiae
623 1681 795 1731 consecutum.
832 1676 900 1731 Nam
917 1682 944 1731 et
965 1676 1084 1731 Secundo

292 1773 370 1826 porus
388 1761 415 1809 et
431 1771 534 1824 pressus
551 1758 585 1818 et,
605 1753 632 1806 in
650 1757 774 1822 quantum
792 1753 853 1808 satis
871 1757 934 1818 erat,
953 1753 1084 1823 profluens
1140 1761 1141 1784 l

278 1849 385 1886 -sermo
393 1849 445 1885 non
467 1830 556 1894 deluit,
578 1833 604 1884 et
627 1831 698 1900 Aper
718 1829 786 1884 omni
806 1829 947 1884 eruditione
967 1829 1084 1886 imbutus

290 1906 470 1964 contemnebat
492 1907 577 1977 potius
598 1906 704 1960 literas
709 1925 784 1977 quam
805 1905 940 1972 nesciebat
920 1910 1085 1977 ttenquam

290 1985 410 2068 majorem
425 1983 556 2038 industria
571 1986 598 2037 et
613 1983 706 2038 laboris
724 1983 828 2055 glorium
845 1982 916 2038 habit
904 1988 988 2051 t‚urus
1004 1985 1029 2039 si
1046 1985 1085 2040 in-

291 2063 393 2135 genium
409 2061 463 2134 ejus
478 2059 554 2116 nullis
570 2060 707 2115 alienarum
724 2060 816 2114 artium
832 2059 990 2115 adminiculis
1006 2061 1086 2117 inuiti
1140 2085 1141 2088 ¹

290 2140 427 2196 rideretur

266 2225 284 2278 3
326 2217 411 2290 Igitur
428 2220 458 2272 ιι
475 2215 624 2272 intravimus
641 2213 784 2270 cubiculum
803 2213 861 2268 Met
849 2213 923 2279 terni,
942 2214 1087 2292 sedentem,
1140 2239 1141 2276 ;

291 2295 374 2366 ipsum
390 2313 464 2366 quem
480 2293 561 2364 pridie
575 2292 728 2347 recitaverat
743 2290 835 2346 librum
850 2291 920 2346 intre
935 2310 1027 2348 munus
1044 2265 1141 2360 nl

291 2370 394 2426 hentem
405 2368 623 2442 deprehendimus.

270 2460 285 2507 ι
325 2448 391 2502 'lum
410 2447 570 2511 Secundus‚‘
572 2445 717 2500 ‘Nihilnet
718 2446 749 2510 e‚’
751 2444 887 2514 'inquit‘
889 2445 1033 2513 ‘Materne
1051 2448 1088 2502 ιιι-
1140 2463 1141 2516 ι

291 2524 357 2579 bule
365 2523 530 2595 malignorum
542 2526 648 2587 terrent,
659 2539 708 2593 qno
718 2522 801 2577 minus
810 2522 917 2577 offensas
927 2523 1035 2580 Catonis
1047 2526 1088 2579 tui
1140 2525 1141 2592 l

291 2602 380 2656 ernest
398 2602 439 2654 ιιι
451 2599 507 2655 ideo
522 2600 614 2655 librum
625 2600 704 2654 istum
720 2598 915 2670 apprehendisti,
929 2605 959 2654 ut
976 2599 1088 2672 diligen·
1140 2603 1141 2670 l

291 2679 344 2734 tius
291 2680 513 2744 tretrsctares,
525 2681 552 2731 et
564 2675 705 2731 sublatis
685 2694 707 2730 ιι
719 2693 769 2747 qua
784 2693 867 2746 pravus
879 2676 1088 2748 interpretationi
1140 2685 1141 2734 l

291 2755 422 2810 materiam
433 2719 564 2817 dederhnt,
578 2753 707 2807 emitteres
720 2752 768 2807 (lat
756 2756 843 2807 torem
854 2771 906 2808 non
918 2751 1021 2825 quidem
1033 2773 1089 2810 me·

291 2831 378 2887 liorem
391 2830 435 2885 sed
445 2834 532 2884 tamen
544 2830 733 2884 securioreml”

272 2908 392 2962 ἰιιιιι
411 2907 486 2974 ιιιιι,ί
487 2905 592 2975 ‘Leges
611 2905 673 2976 quid
691 2905 825 2960 Matremne
846 2905 894 2960 sibi
914 2905 1039 2973 debuerit,
1060 2912 1089 2963 et

304 3001 414 3054 ⁴gnoseos
434 2999 490 3052 que
510 2980 611 3036 audisti.
649 2982 748 3042 Quodsi
769 3001 819 3054 que
842 2983 928 3040 omisit
949 2984 1024 3051 Ceto,
1047 3003 1088 3040 se·
1140 3049 1141 3060 χ
