2575 3592
333 407 380 453 126
667 408 787 455 TACITI

968 466 1004 515 [A
1014 466 1041 506 U.
1048 468 1072 507 c.
1082 465 1120 506 822

329 535 421 571 vacuas
441 516 575 572 domest
549 521 575 572 et
597 517 681 572 inania
701 518 795 588 templa
815 535 861 588 per
878 516 1008 573 lasciviam
1026 518 1127 605 jacula-

330 593 485 659 bantur3t
455 614 472 647 u
473 599 534 664 tque
546 595 640 649 exercit
642 614 659 649 u
672 596 741 649 vario
753 595 853 665 linguis,
862 593 982 659 moribus,
991 594 1034 648 cui
1047 594 1126 653 cives,

332 672 402 734 socii,
422 671 521 725 externi
540 672 701 736 interessent,
681 672 825 726 tdiversae
846 670 985 741 cupidinea,
1004 672 1031 724 et
1058 670 1126 723 aliud

307 754 321 799 5
331 747 422 816 cuique
430 748 476 811 fas,
484 766 531 801 neo
540 747 675 819 quidquam
685 748 807 802 illicitum.
832 748 882 801 Per
890 745 1057 817 quatriduum
1068 746 1126 800 Cre-

329 841 405 878 mona
423 824 530 877 suffecit.
567 824 632 878 Cum
650 824 734 877 omnia
751 842 822 879 sacra
840 823 996 894 profanaque
1015 823 1045 877 in
1067 824 1125 893 igne

330 898 495 964 considerent,
509 900 589 954 solum
601 901 698 954 Mefitis
717 901 838 970 templum
856 900 927 954 stetit
945 904 1004 954 ante
1022 900 1124 963 moenia,

285 976 323 1029 34
331 975 385 1029 loco
397 994 443 1029 seu
454 977 557 1031 numine
568 977 707 1031 defensum.
743 978 796 1031 Hie
808 978 891 1031 exitus
905 977 1046 1041 Cremonae,
1061 994 1125 1029 anno

330 1051 502 1107 ducentesimo
513 1054 668 1124 octogesimo
680 1058 753 1108 sexto
765 1072 780 1107 a
791 1053 927 1125 primordio
940 1052 987 1107 sui.
1013 1052 1125 1107 Condita
1140 1066 1141 1071 ’

330 1133 385 1182 erat
393 1130 431 1183 ui.
440 1130 588 1199 Sempronio
600 1134 626 1183 et
636 1130 752 1185 Cornelio
765 1130 916 1187 consulibus.
941 1129 1088 1199 Ingruente
1100 1130 1125 1182 in
1140 1178 1141 1185 ,

330 1205 431 1259 Italiam
439 1206 590 1271 Hannibale,
600 1206 815 1277 propugnaculum
826 1206 945 1261 adversus
954 1206 1044 1259 Gallos
1055 1211 1124 1259 trans
1140 1218 1141 1269 g

308 1281 428 1335 2Padnm
438 1286 550 1354 agentes,
561 1287 587 1337 et
600 1284 621 1337 si
633 1302 683 1354 qua
695 1283 743 1337 alia
753 1284 791 1337 ris
803 1302 849 1354 per
861 1284 938 1353 Alpes
950 1287 1047 1336 rueret.
1073 1282 1124 1353 Igi-
1140 1280 1141 1327 ἕ

329 1362 373 1413 tur
390 1378 494 1413 numero
512 1359 664 1425 colonorum,
683 1360 871 1431 opportunitate
889 1358 1030 1425 fluminum,
1046 1357 1123 1412 ubere
1140 1424 1141 1429 Ἰ

330 1436 393 1506 agri,
406 1455 506 1490 annexu
523 1436 704 1507 connubiisque
722 1436 833 1508 gentium
851 1436 960 1491 adoleuit
975 1435 1121 1505 floruitque,

308 1512 402 1567 anellis
412 1515 522 1567 externis
531 1513 634 1577 intaeta,
645 1514 760 1567 civilibus
770 1513 863 1568 infelix.
887 1513 1015 1567 Antonius
1026 1512 1122 1583 pudore
1140 1536 1141 1575 ι

330 1590 427 1663 flagitii,
440 1589 599 1645 crebescente
611 1590 712 1655 invidia,
722 1590 808 1656 edixit,
818 1609 850 1644 ne
860 1590 915 1660 quis
926 1590 1122 1643 Cremonensem
1140 1582 1141 1609 ¹

330 1667 460 1737 captivum
472 1666 603 1720 detineret,
639 1667 792 1737 Irritamque
804 1667 914 1739 praedam
930 1664 1055 1721 militibus
1068 1666 1122 1719 efle-
1140 1684 1141 1743 }

331 1748 400 1796 cerat
412 1761 548 1796 consensus
560 1743 649 1808 Italiae,
664 1744 815 1813 emptionem
832 1744 921 1799 talium
940 1744 1122 1831 mancipiorum
1140 1744 1141 1785 l

332 1819 497 1889 aspernantis.
543 1819 632 1873 Occidi
657 1838 762 1890 eoepere
808 1820 885 1879 Quod
907 1820 953 1875 ubi
976 1820 1123 1883 enotuit,a

308 1895 478 1965 4pmpinquis
491 1895 656 1966 affinibusque
672 1898 755 1951 occul
744 1901 771 1951 e
788 1896 902 1969 redempt
890 1896 1017 1951 t.abautur
1061 1863 1123 1951 bion
1140 1916 1141 2005 q

330 1970 406 2025 rediit
430 1971 580 2025 Cremonam
609 1973 722 2043 reliquus
751 1974 866 2061 populus.
915 1972 1041 2043 Reposita
1070 1973 1141 2026 fora

330 2046 473 2118 templaque
496 2048 650 2103 munificent
630 2053 668 2103 tra
698 2051 870 2121 municipum;
900 2055 926 2103 et
948 2048 1141 2139 Vespasianus

286 2132 323 2185 35
331 2124 448 2180 hortaba
436 2129 487 2179 ur
537 2126 665 2180 Caeternm
692 2126 802 2181 assidere
823 2126 906 2197 sepult
907 2144 928 2181 aa
895 2124 1021 2180 turbis
1043 2126 1123 2181 ruinis

330 2202 441 2256 noxiat
429 2201 489 2256 tabo
512 2201 605 2256 humus
628 2201 697 2256 haud
721 2202 765 2257 diu
793 2204 915 2273 permisit.
897 2202 993 2257 and
1016 2204 1141 2258 tertium*

330 2278 438 2350 lapidem
458 2279 587 2351 progressi
607 2296 686 2349 vagos
707 2285 878 2351 paventesque
897 2278 1058 2345 Vitellianos,
1079 2298 1124 2333 sua

331 2374 455 2427 quemque
478 2355 545 2426 apud
569 2356 649 2426 signa,
668 2360 830 2427 componunt.
867 2356 901 2411 ift
919 2356 993 2411 victae
1010 2354 1123 2427 legiones

330 2448 370 2495 ne,
389 2441 506 2486 manente
523 2431 605 2487 adhuc
622 2432 690 2486 civili
708 2432 779 2497 bello,
800 2432 924 2503 ambiguae
944 2438 1059 2503 agerent,
1079 2452 1124 2505 per

309 2506 459 2576 2Illyricum
472 2508 597 2577 dispersa.
633 2508 666 2563 In
684 2508 840 2563 Britanniam
859 2508 917 2563 inde
936 2514 962 2563 et
980 2508 1123 2580 Hispanias

330 2587 395 2635 nunt
384 2582 433 2636 tios
451 2584 599 2653 famamque,
617 2584 644 2638 in
663 2585 767 2640 Galliam
786 2585 882 2639 Julium
901 2586 1024 2639 Calenum
1045 2586 1123 2641 tribu-

330 2676 399 2721 num,
417 2658 445 2711 in
462 2659 619 2713 Gennaniam
639 2660 766 2731 Alpinium
790 2661 951 2725 Montanum,
970 2662 1121 2733 prefectum

330 2734 449 2796 cohortis,
471 2733 542 2803 quod
564 2735 605 2789 hic
625 2736 721 2801 Treuir,
747 2738 857 2792 Calenus
880 2737 989 2803 AEduus,
1014 2744 1121 2809 uterque

308 2808 461 2863 oVitelliani
485 2808 592 2877 fuerant,
622 2812 734 2867 ostentui
757 2814 855 2867 misere
894 2813 974 2868 Simul
997 2816 1121 2870 transitus

332 2885 435 2955 Alpium
446 2883 569 2953 praesidiis
581 2892 704 2954 occupat,
689 2888 697 2941 i
719 2897 820 2959 suspect
821 2908 836 2944 a
848 2890 989 2956 Germania,
1002 2896 1122 2965 tanquan

333 2958 361 3013 in
372 2960 492 3014 amilium
501 2959 598 3015 Vitellii
609 2962 789 3035 accingeretur
