2575 3592
388 325 438 376 DE
455 323 679 374 onsnoalcus
696 326 798 374 24-26.
942 327 990 376 807

188 441 344 507 munit,
356 439 453 494 Celsus
468 444 552 492 antoni
564 442 592 492 et
605 437 710 492 Annius
725 441 752 492 et
764 437 849 492 Cesar
860 443 887 492 et
899 437 990 494 (lelius

186 531 212 578 et
230 525 340 578 Brutus
360 535 410 572 sco
427 516 485 588 jue
501 523 530 570 et
548 514 673 587 pmombus
691 519 718 569 et
737 513 900 586 sequentibus
920 523 990 570 sute-

187 605 333 672 pmmtm.
370 595 428 650 Neo
445 591 525 648 reiert
542 591 610 664 qnod
628 593 696 648 inter
715 610 741 647 ss
762 592 845 663 specie
864 591 1014 658 differente

186 698 244 734 eum
271 691 373 748 genero
397 671 566 726 consentiant.
601 669 755 724 Adstrictior
778 669 879 736 Calvus,
903 687 991 727 nunne-

187 749 397 814 mummius,
403 747 558 820 splendidior
564 747 657 812 Cesar,
666 747 773 802 ememor
781 745 880 811 Caelius,
889 749 991 814 gravior

187 834 302 894 Brutus,
323 825 499 882 veliementior
517 829 546 880 et
569 825 665 895 plenior
687 829 714 880 et
738 823 860 879 valentior
883 823 988 879 Cioem:

187 926 282 966 omnes
294 911 384 961 nmen
394 901 498 957 condem
511 902 644 956 ιιιιιιιιοιιι
656 901 804 973 eloquentie
819 901 911 968 ierunt,
923 905 954 956 ιιι
966 903 989 957 si

187 985 308 1042 emnium
320 980 418 1052 uniter
425 978 504 1034 libros
515 979 542 1034 in
551 997 652 1034 ιιιιιιιιιιι
665 978 807 1050 sumpseris,
818 979 890 1044 soles,
901 997 988 1050 quam·

187 1066 227 1118 ris
239 1064 271 1117 in
286 1056 396 1114 (ιίιοιιίι
411 1055 595 1127 ingemiscere
610 1055 735 1128 quandam
750 1054 839 1126 judieii
855 1073 885 1111 ac
900 1055 989 1111 volun·

190 1142 257 1196 tetis
270 1131 463 1192 similitudinem
475 1137 502 1188 et
510 1133 692 1204 cognationem.
727 1133 795 1188 Nam
804 1132 871 1204 qnod
883 1133 1011 1189 invicemi

191 1237 219 1273 se
227 1215 453 1276 obtrectsvemm,
465 1211 503 1279 (et
512 1215 572 1264 sunt
581 1210 664 1281 sliqtm
675 1209 788 1280 epistolis
797 1229 883 1265 eornm
895 1211 991 1266 inserta

189 1315 223 1351 ex
236 1291 337 1366 quibus
345 1292 435 1343 mutua
443 1287 585 1358 malignitas
593 1287 742 1359 detegitur)
752 1305 803 1342 non
812 1291 851 1343 est
860 1292 990 1344 oratorum

190 1374 297 1434 vitium,
312 1364 357 1421 sed
372 1365 510 1420 hominum.
546 1365 613 1420 Nam
628 1371 655 1419 et
670 1364 775 1420 Calvum
791 1369 818 1420 et
834 1365 949 1420 Asinium
963 1369 989 1420 et

190 1451 278 1521 ipsum
299 1443 447 1498 Ciceronem
463 1440 539 1496 credo
554 1441 642 1496 solitos
658 1445 685 1496 et
700 1441 812 1497 invidere
828 1447 854 1497 et
870 1442 947 1497 livere
963 1445 990 1498 et

192 1525 291 1582 oeteris
301 1520 419 1575 humane
430 1518 584 1574 infirmitatis
595 1517 665 1574 vitiis
677 1519 755 1574 affici:
774 1519 855 1574 solum
866 1519 933 1574 inter
945 1519 990 1574 hos

191 1602 310 1658 arbitror
325 1597 435 1651 Brutum
452 1613 503 1649 non
518 1594 675 1666 malignitate
692 1615 738 1651 nec
754 1595 853 1662 invidia,
870 1595 915 1651 sed
931 1596 990 1651 sim·

192 1679 300 1751 pliciter
316 1677 345 1729 et
362 1673 472 1744 ingenue
486 1671 607 1743 judicium
628 1673 704 1728 animi
723 1673 763 1727 sni
780 1671 913 1728 detexisse.
949 1675 1012 1728 Ans

193 1758 238 1812 ssle
249 1750 371 1808 Ciceroni
385 1748 516 1814 invideret,
529 1748 573 1819 qui
583 1749 647 1804 milri
662 1750 764 1806 videtur
778 1769 811 1805 ne
827 1751 921 1806 Oaesari
937 1751 989 1820 qui·

192 1835 255 1888 dem
271 1825 411 1884 invidisse?
442 1825 519 1886 Quod
539 1826 571 1880 sd
590 1827 644 1882 Ser.
664 1827 768 1884 Galbam
788 1833 816 1883 et
835 1828 864 1884 Ο.
884 1827 989 1883 Lelinm

193 1908 300 1970 attinet,
312 1908 339 1958 et
350 1903 373 1958 si
384 1921 447 1974 qnos
459 1903 520 1958 elios
536 1903 697 1974 antiquorum
709 1906 805 1977 agitare
816 1923 866 1960 non
883 1905 989 1968 destitit,

194 2005 249 2042 non
266 1980 349 2051 exigit
361 1979 524 2044 defensorem,
541 1998 598 2035 enm
610 1980 698 2046 fatear,
712 1982 823 2053 quedam
841 1981 990 2052 eloquentie

194 2077 296 2122 eornm,
309 2062 339 2112 nt
350 2057 465 2113 nascenti
478 2056 567 2123 adhuc,
579 2075 627 2112 nec
637 2059 700 2112 satis
712 2059 811 2124 adulte,
825 2057 940 2113 defuisse.

230 2136 385 2190 “Ceterum
397 2135 427 2200 si,
439 2134 533 2188 omisso
544 2135 639 2206 optimo
650 2134 693 2190 illo
705 2140 732 2190 et
748 2135 929 2208 perfectissimo
945 2152 988 2205 ge-
997 2131 1034 2186 26

195 2231 262 2271 nere
273 2212 430 2282 eloquentie,
438 2211 554 2283 eligendo
564 2212 599 2266 sit
608 2213 689 2268 forma
698 2211 803 2278 dicendi,
813 2213 896 2267 malim
905 2211 989 2266 hercle

196 2295 228 2348 O.
249 2290 357 2344 Gracchi
372 2290 494 2358 impetum
512 2297 558 2343 ant
574 2289 605 2344 In.
623 2289 707 2344 cessi
724 2290 897 2344 maturitatem
914 2307 988 2361 quem
1025 2335 1026 2339 ,

196 2368 359 2425 calamistros
383 2366 531 2420 Maecenatis
554 2369 598 2419 aut
620 2365 730 2421 tinnitus
754 2367 881 2422 Gallionis.
917 2366 989 2422 Adeo
1025 2427 1034 2436 ᾖ

196 2445 291 2501 melius
309 2447 349 2498 est
366 2446 492 2497 oratorem
508 2442 548 2496 vel
567 2442 635 2496 hirta
650 2445 710 2510 toga
728 2443 838 2508 induere,
858 2463 933 2516 quem
950 2447 990 2500 iu·

197 2521 264 2578 catis
287 2524 316 2574 et
337 2518 486 2573 meretriciis
507 2517 620 2572 vestibus
643 2517 771 2592 insignire.
808 2521 900 2592 Neque
923 2523 1011 2576 enimi

198 2597 326 2654 oratorius
339 2597 395 2661 iste,
407 2596 484 2651 immo
495 2594 578 2650 hercle
589 2613 621 2649 ne
636 2593 715 2650 virilis
728 2595 828 2663 quidem
844 2599 928 2654 cultus
941 2607 988 2656 est.

199 2693 253 2747 quo
269 2673 381 2746 plenique
396 2676 538 2743 temporum
553 2675 697 2726 nostrorum
710 2682 807 2730 actores
821 2675 858 2732 ita
873 2677 988 2733 utuntur.

199 2758 230 2808 nt
242 2751 345 2806 lascivia
355 2748 489 2804 verborum
500 2754 527 2804 et
538 2748 641 2803 levitate
654 2751 836 2806 sententiarum
851 2755 876 2804 et
888 2750 989 2808 licentia

200 2827 389 2900 compositionis
403 2826 562 2881 histrionales
572 2825 661 2880 modos
678 2827 828 2896 exprimant.
864 2828 1012 2900 Quodques

202 2908 247 2962 rix
263 2903 351 2960 auditu
367 2904 407 2958 ias
423 2921 479 2958 esse
496 2903 593 2970 debeat,
609 2901 690 2957 landis
707 2905 733 2958 et
751 2905 837 2975 glorie
853 2909 879 2962 et
896 2905 997 2980 ingenii
