2575 3592
300 426 347 474 tio
635 420 754 472 Titcl'l'l

927 480 1088 529 [aucam

299 536 417 609 superbis
432 534 489 599 viii,
501 534 635 606 equalium
651 550 759 605 quoqne,
772 530 834 586 adeo
849 531 1010 602 superiorum
1025 532 1090 585 isto

276 614 409 670 iterantis.
445 612 579 667 Profectus
598 610 630 666 ad
647 611 834 681 Vespasianum
848 608 978 664 Antonias
993 613 1024 662 ut
1040 626 1091 663 uon

299 709 345 763 pro
368 708 414 762 spe
437 708 484 745 sua
504 688 638 760 excipitur,
660 689 698 743 its
717 705 801 759 neque
821 704 910 741 everso
932 685 1092 757 imperatoris

300 769 390 823 auimo.
427 766 585 835 Trahebetnr
596 767 624 821 in
635 765 742 832 diversa,
750 765 810 819 binc
818 764 917 820 meritis
925 763 1041 828 Antonii,
1050 782 1093 818 ci·

297 846 340 917 jus
364 845 445 899 ductu
468 844 613 899 coniectum
635 843 705 897 haud
729 841 805 897 dubie
829 841 925 897 belim
947 844 1012 908 eret,
1034 840 1093 897 iude

299 924 414 980 Muciani
432 923 561 995 epistolis:
580 922 657 978 simul
668 921 754 977 ceteri
768 924 800 975 ut
815 920 938 975 intentum
954 919 1094 975 tumidum

300 1018 349 1073 qne
372 1000 570 1065 insectabantur,
595 996 723 1072 adjunctis
745 998 837 1070 prioris
857 998 917 1053 rite
938 997 1093 1055 criminibus.

277 1078 391 1149 ttNeque
411 1078 465 1149 ipse
487 1076 573 1133 deerat
592 1077 737 1148 arrogantis
755 1094 847 1131 romre
865 1076 983 1140 offensus,
1001 1076 1094 1131 nimius

300 1154 523 1210 commemorandis
535 1172 591 1225 quse
603 1154 745 1209 meruisset
781 1153 853 1209 Alios
863 1157 895 1207 ut
905 1152 1031 1218 imbelles,
1041 1152 1095 1207 On·

300 1232 381 1287 cinam
393 1243 423 1287 ut
435 1232 564 1303 captivum
576 1248 606 1287 ao
621 1230 767 1286 dedititium
784 1231 907 1301 increpat
943 1230 1023 1285 Unde
1034 1248 1096 1301 pan·

300 1308 371 1363 latim
382 1308 461 1365 levior
472 1308 595 1381 viliorque
606 1306 702 1377 baberi,
712 1314 832 1363 minente
842 1312 930 1363 tamen
945 1307 1095 1379 inspeciem

300 1386 417 1441 amicitis.
698 1431 700 1434 -

256 1464 290 1522 81
334 1462 385 1518 Per
397 1480 440 1518 eon
451 1480 558 1527 meuses,
571 1460 664 1534 quibui
679 1462 853 1533 Vespasianus
868 1460 1034 1516 Alexandria
1045 1464 1096 1515 ets·

300 1543 341 1595 tos
361 1538 455 1595 estivis
474 1540 576 1595 flatibus
596 1538 649 1595 dies
668 1543 695 1594 et
716 1546 787 1594 osma
806 1537 882 1593 meris
905 1538 1095 1609 opperiebatur,

299 1616 380 1671 multa
390 1617 511 1673 miracula
522 1634 635 1685 evenere,
648 1617 705 1687 quis
721 1615 829 1672 eoelestis
845 1614 917 1670 teror
935 1619 964 1670 et
980 1615 1097 1686 quedam
1142 1651 1143 1656 κ

278 1693 327 1749 tin
346 1692 532 1765 Vespasianum
551 1692 682 1749 inclinatio
698 1693 831 1748 numinum
848 1690 1041 1749 ostenderetur.
1075 1693 1098 1749 Ε
1142 1713 1143 1736 i

299 1768 372 1841 plebe
387 1770 558 1825 Alexandrina
575 1770 677 1843 quidam
691 1769 824 1825 oculorum
840 1768 900 1824 tsbe
914 1773 994 1825 notus
1013 1785 1098 1841 gerini

299 1848 355 1917 ejus
368 1846 517 1913 advolvitur,
535 1846 676 1902 remedium
692 1847 815 1902 <metatis
831 1864 971 1917 exposcens
987 1849 1098 1918 gemitu,

298 1922 399 1979 monitu
412 1924 539 1994 Serapidis
550 1924 600 1990 dei,
611 1942 686 1997 quem
698 1923 784 1979 dedita
794 1922 1024 1995 superstitionibus
1036 1944 1099 1998 gem

298 2003 359 2054 ente
376 1999 438 2055 alios
456 2000 533 2067 oo'lit;
550 2001 751 2072 precabaturque
766 2000 904 2072 prinoipem
922 2005 953 2055 ut
970 2018 1057 2071 genis
1073 2008 1100 2057 et

297 2077 430 2133 mulorum
442 2078 516 2134 orbes
529 2078 679 2150 dignaretur
694 2096 844 2150 respergere
856 2078 907 2133 oris
922 2086 1099 2136 excremento

278 2154 381 2221 tilius,
400 2174 503 2211 minum
524 2174 598 2228 seges,
620 2156 709 2211 eodem
727 2156 776 2212 deo
795 2160 906 2221 auctore,
927 2160 959 2210 ut
977 2156 1048 2227 pede
1071 2176 1101 2211 se

299 2232 408 2305 vestigio
419 2232 527 2289 Generis
539 2232 680 2289 edometur
695 2232 792 2289 orabat.
827 2233 1002 2303 Vespasiuius
1014 2236 1101 2306 primo

299 2309 410 2376 irridere,
424 2310 569 2382 aspernari3
587 2314 665 2381 atque
675 2310 725 2367 illis
742 2310 896 2366 instantibus
913 2310 1101 2367 modulamini

299 2388 419 2443 vanitatis
436 2392 556 2453 metuere,
575 2387 651 2443 modo
668 2387 843 2444 obsecratione
858 2388 973 2459 ipsorum
989 2394 1021 2445 et
1032 2390 1101 2445 roci

278 2462 350 2527 ibus
367 2464 523 2520 adulantium
535 2464 563 2521 iu
578 2484 650 2536 spem
666 2464 760 2524 induci.
796 2467 930 2522 Postremo
946 2466 1101 2522 nctimnris

301 2538 404 2597 medieis
421 2542 494 2611 jubet
510 2560 543 2597 sn
557 2542 615 2597 talis
628 2542 728 2598 oaeoitis
745 2562 775 2599 se
787 2542 903 2599 debilites
921 2560 970 2613 spe
983 2542 1101 2603 bnmsns

298 2616 453 2686 superabiles
472 2619 564 2673 forent.
600 2619 697 2675 Medici
715 2620 784 2675 varie
804 2620 944 2675 disserere:
961 2619 1027 2677 liuie
1047 2639 1101 2675 uon
1142 2631 1143 2640 ¹

298 2708 401 2746 exesam
420 2692 472 2747 vim
489 2693 601 2759 luminis,
621 2700 649 2749 et
669 2695 816 2765 redituram,
835 2698 858 2753 si
876 2696 1037 2767 pellerentur
1055 2697 1099 2752 ob

299 2768 408 2833 stertis;
434 2766 471 2821 illi
489 2767 587 2838 elapsos
608 2770 635 2825 in
654 2790 761 2841 pravum
782 2778 862 2839 artus,
882 2774 905 2829 sl
924 2773 1038 2830 inebria
1059 2776 1099 2828 ris

278 2840 456 2907 tadhibestur‚
473 2860 548 2915 posse
564 2845 694 2917 integrari.
731 2849 764 2904 Id
779 2850 888 2906 fumasse
905 2850 976 2907 cordi
991 2851 1054 2916 diis,
1072 2860 1098 2904 et

301 2915 385 2972 divino
405 2918 545 2973 ministerio
566 2922 705 2993 prinoipem
725 2925 850 2993 electum3
869 2927 978 2999 deniqne
999 2929 1099 2999 petrin

300 2992 405 3049 remedii
416 2994 521 3065 gloriam
535 3012 612 3065 penes
631 2998 765 3069 cesarem,
783 3003 852 3059 irriti
865 3004 1005 3061 ludibrium
1018 3024 1099 3077 penes
