2575 3592
325 697 359 756 C.
383 697 644 758 CORNELII
684 695 869 757 TAOITI

203 857 309 948 Du
385 859 995 950 ORATORIBUS

499 1061 691 1126 DIALOGUS.

243 1351 323 1405 Smer
341 1368 373 1405 ex
390 1370 431 1407 me
450 1351 565 1423 requiris,
583 1351 659 1407 Jmto
677 1349 747 1418 Fabi,
764 1368 817 1415 our,
836 1367 892 1406 oum
911 1350 1019 1422 priorel

205 1427 294 1482 secula
308 1432 350 1482 tot
365 1427 527 1484 eminentium
539 1432 668 1484 oratorum
683 1427 790 1499 ingeniis
806 1426 935 1499 gloriaque
950 1427 996 1481 fio·

204 1503 314 1569 ruerint,
322 1508 409 1558 nostro
417 1504 643 1576 potissimumum
652 1503 786 1559 deserteet
794 1502 994 1574 laudeeloqueu·

204 1580 251 1635 tim
262 1579 352 1635 orbato
365 1581 408 1635 vix
423 1599 515 1638 uomeu
529 1581 612 1653 ipsum
627 1580 734 1636 oratoris
749 1581 865 1636 retineat.
901 1579 993 1651 Neque

205 1657 275 1712 euim
288 1656 327 1714 ito
342 1657 494 1728 appellamus
510 1658 560 1713 uisi
575 1658 708 1730 antiquos:
726 1656 817 1712 luorum
832 1660 917 1712 autem
932 1661 997 1710 tem-

205 1752 298 1806 porum
311 1733 400 1789 diserti
410 1734 531 1790 oeusidioi
541 1739 567 1790 et
579 1733 695 1789 advocati
709 1737 735 1788 et
747 1733 847 1805 patmui
858 1737 885 1788 et
897 1732 996 1804 quidvis

206 1810 295 1881 potius
318 1829 394 1881 quem
416 1815 529 1867 oratores
553 1814 682 1867 vooeutur.
725 1809 775 1866 Oui
797 1809 1019 1882 perouuotetionit

206 1894 262 1943 ture
273 1887 424 1958 respondere
438 1895 465 1943 et
478 1892 531 1942 tem
546 1905 645 1960 magne
657 1887 802 1960 questionis
817 1887 917 1959 pondus
932 1887 996 1942 exoi-

208 1982 278 2035 pere,
290 1968 319 2018 ut
330 1968 375 2018 aut
388 1962 419 2020 de
434 1964 544 2036 ingeniis
559 1965 655 2020 uostris
666 1964 731 2020 mulo
746 1964 941 2020 existimandum
954 1967 996 2030 sit,

209 2040 233 2094 si
245 2039 311 2094 idem
323 2040 422 2111 assequi
438 2059 490 2096 uon
505 2059 647 2112 possumus,
662 2045 706 2097 out
722 2041 753 2096 de
767 2040 876 2113 judiciis,
889 2041 915 2096 si
927 2041 997 2096 nolu-

209 2134 276 2180 mus,
288 2117 332 2170 vix
343 2116 445 2172 heroule
461 2117 587 2183 auderem,
600 2117 695 2174 simihi
706 2136 762 2173 mee
777 2117 903 2173 sententis
916 2117 997 2189 profe·

210 2191 292 2246 reude
310 2211 340 2248 eo
355 2211 408 2248 nou
425 2193 654 2260 disertissimorum,
673 2199 703 2250 ut
720 2195 814 2250 nostris
832 2193 997 2265 temporibus,

211 2269 341 2324 hominum
361 2288 443 2326 sermo
460 2271 612 2342 repetendus
632 2275 708 2336 esset,
727 2289 791 2342 quos
809 2270 912 2326 eundem
932 2271 998 2326 hano

210 2346 375 2417 quostiouem
383 2351 570 2419 pertreetuutes
576 2349 677 2420 juvenis
687 2347 820 2404 admodum
829 2347 920 2404 audivi.
956 2348 1020 2408 Itos

210 2440 265 2478 uon
279 2421 388 2494 iugenio,
402 2424 448 2480 sod
464 2425 584 2480 memorie
599 2429 625 2480 et
640 2423 813 2481 reeordatione
828 2442 892 2496 opus
910 2429 957 2493 est,
968 2427 999 2480 ut

211 2518 270 2572 quse
286 2518 303 2554 s
317 2501 532 2571 praestantissimis
548 2502 609 2558 viris
626 2507 654 2557 et
670 2501 813 2573 exoogitato
830 2499 957 2558 subtiliter
971 2506 999 2558 et

210 2576 281 2632 dicto
291 2577 402 2648 graviter
413 2578 507 2649 eooepi,
520 2597 579 2634 oum
587 2577 681 2650 singuli
697 2577 807 2633 diverses
818 2577 837 2649 †
848 2578 889 2634 vel
900 2579 998 2635 easdem

211 2652 257 2710 sod
269 2652 409 2724 probabiles
418 2672 507 2710 cousus
518 2656 644 2720 offerrent,
655 2654 715 2710 dum
726 2654 830 2710 formem
842 2656 882 2712 sui
894 2655 999 2727 quisque

210 2734 238 2785 et
259 2729 336 2784 enimi
359 2733 386 2785 et
407 2731 505 2802 ingenii
526 2731 669 2793 redderent.
693 2730 782 2786 iisdem
801 2749 869 2787 nuno
889 2731 999 2787 numeris

209 2809 351 2879 iisdemque
362 2808 502 2866 rotiousbus
518 2829 662 2882 persequer,
675 2814 775 2866 servato
791 2809 877 2866 ordine
889 2808 1000 2879 dispute-
1141 2831 1142 2838 ¹

209 2884 297 2940 tiouis.
333 2885 425 2956 Neque
436 2886 594 2942 enimdeiuit
605 2887 650 2959 qui
662 2885 785 2942 diversum
794 2891 1023 2958 quoqueportems
1141 2889 1142 2896 ’

211 2961 362 3034 sussciperet,
373 2979 404 3019 oo
414 2964 523 3020 multum
535 2969 626 3022 vexate
637 2968 665 3021 et
680 2962 753 3020 irrisa
764 2967 892 3022 vetustate
903 2967 1001 3020 nostro·
