2575 3592
311 408 356 461 170
645 410 767 461 Tncrrr

309 522 411 593 poribus
435 525 524 588 tussa;
542 540 590 579 nee
613 523 681 578 crede
704 528 806 579 tantum
828 526 856 579 et
876 472 1104 588 111ηὲ111111,αὲ

287 600 420 669 trutinaret
432 600 486 655 suis
502 600 615 671 plerique
627 601 686 656 telis
698 602 824 657 interiere.
861 601 988 660 Victores,
1003 600 1106 669 outonis

309 677 532 749 Agrippinensium
549 678 637 743 vitata,
656 679 720 734 nihil
736 683 828 733 uaetero
845 678 873 732 in
894 678 990 733 itinere
1011 678 1105 732 hostile

310 754 373 819 ausi,
398 754 532 822 Bonnense
555 754 669 825 prelium
692 756 855 823 excusabant,
878 759 1003 826 tauquam
1023 756 1107 825 petita

286 837 289 842 '
311 850 378 900 paee,
392 837 526 902 postquam
537 832 686 904 negabatur,
699 834 802 888 sibimet
813 832 862 903 ipsi
873 833 1074 887 uonsuluissunt.
1146 823 1148 880 1

267 908 301 961 21
345 908 439 973 Civilis,
465 908 576 963 adventu
601 917 777 964 veteranarum
801 910 944 964 cohortium
965 910 1034 981 justi
1053 911 1106 987 jam

310 985 436 1039 exereitus
448 984 545 1053 ductor,
557 986 602 1040 sed
612 987 710 1041 consilii
718 986 852 1057 ambiguus
864 993 891 1040 11
899 988 950 1040 vim
961 987 1108 1040 Runranam

310 1069 438 1131 reputans,
463 1066 569 1117 cunutus
593 1064 638 1133 qui
666 1063 771 1118 aderant
794 1064 822 1125 in
847 1063 924 1128 verba
950 1064 1108 1135 Vespasiani

311 1137 399 1211 adigit,
412 1138 542 1210 mittitque
559 1140 659 1211 legatus
676 1140 709 1194 ud
725 1140 788 1194 duas
804 1140 1004 1211 legionesque,
1021 1141 1108 1212 priore

310 1215 363 1291 anie
386 1216 472 1287 pulsae,
496 1216 524 1271 in
547 1218 643 1281 Vetera
666 1223 750 1272 castra
773 1222 958 1284 uonuessernnt,
981 1223 1014 1272 ut
1037 1218 1109 1272 idern
1146 1267 1147 1288 ¹

289 1298 493 1347 2saerameutrun
518 1294 667 1364 auuiperent.
705 1294 833 1349 Redditur
856 1312 1015 1364 responsum,
1038 1300 1108 1349 “ne-

311 1388 360 1438 que
372 1370 506 1440 proditoris
519 1388 601 1441 neque
613 1370 726 1425 hostium
743 1390 771 1425 se
783 1370 896 1425 consiliis
908 1371 963 1425 uti:
982 1388 1043 1426 essa
1059 1372 1108 1425 sibi

311 1446 443 1501 Vitellium
466 1446 611 1517 principem,
636 1466 683 1519 pro
708 1466 759 1518 quo
781 1446 857 1501 fidem
878 1453 905 1501 11
929 1465 1001 1502 arma
1022 1466 1107 1519 usque

311 1524 345 1579 ad
367 1542 512 1595 supremum
535 1524 654 1595 spiritum
677 1529 839 1597 1111111111οκ
866 1524 973 1603 proinde
996 1525 1108 1603 perings

312 1601 425 1677 Batavus
443 1600 575 1655 arbitrium
592 1618 678 1655 rerum
696 1602 869 1656 Romanarum
886 1620 920 1655 ne
937 1607 1037 1673 ageret,
1064 1602 1108 1656 sed

289 1679 414 1733 emeritas
432 1678 533 1733 seeleris
551 1694 637 1750 poenas
655 1680 840 1749 exspectaret.''
876 1678 944 1737 Qua
960 1678 1008 1733 ubi
1024 1679 1107 1735 relata
1146 1683 1148 1692 '

313 1754 395 1820 Civili,
419 1755 537 1810 inuansus
560 1755 599 1809 iru
620 1756 763 1810 universum
781 1756 937 1810 Batavorum
955 1759 1065 1826 gentem
1081 1758 1106 1811 11

312 1850 381 1887 arma
392 1832 466 1901 rapit.
501 1832 518 1885 J
519 1838 652 1903 unguntur
662 1832 782 1888 Bructeri
793 1833 962 1903 Tenuterique
974 1837 1004 1887 11
1021 1834 1107 1889 exeita

267 1913 305 1967 22
312 1909 408 1965 nuntiis
421 1908 556 1963 Germania
567 1909 717 1981 adpraedam
729 1910 879 1981 famamque.
916 1910 1051 1965 Adversus
1061 1900 1106 1964 Bas

313 1990 491 2041 uoneurrentes
509 1985 568 2041 hessi
586 1987 667 2041 minas
683 1988 763 2059 legati
779 1988 915 2059 legionum,
927 1984 1038 2042 Munius
1056 1989 1106 2042 Lu

313 2082 404 2135 pereas
416 2066 443 2118 et
455 2063 589 2119 Numisius
601 2064 695 2130 Rufus,
708 2065 801 2119 vutlum
813 2082 950 2135 murosque
961 2064 1106 2119 firmabant

314 2140 440 2196 Subversa
451 2140 533 2211 longae
545 2140 613 2211 pacis
625 2158 710 2209 opera,
723 2142 792 2196 haud
803 2141 892 2212 procul
902 2141 995 2210 eastris
1010 2141 1040 2195 in
1051 2161 1105 2195 mu-

291 2218 374 2274 2dum
385 2217 516 2293 municipii
527 2222 666 2284 exstructa,
678 2237 711 2273 ne
725 2218 842 2284 hostibus
853 2218 913 2283 usui
923 2218 1017 2272 forent.
1057 2218 1107 2273 Sed

313 2316 403 2369 parum
414 2298 543 2369 provisum
554 2300 585 2351 ut
597 2298 676 2373 nupia
686 2298 804 2353 inanstra
815 2298 1033 2353 conveherentur:
1052 2297 1107 2374 rapi

313 2376 456 2447 permisere.
491 2376 535 2431 Ita
551 2374 638 2445 paucis
656 2374 745 2430 diebus
763 2394 808 2447 per
825 2376 952 2430 linantiam
970 2375 1106 2445 absumpta

314 2456 382 2517 suut,
396 2471 453 2523 quae
465 2452 585 2508 adversus
598 2453 762 2507 necessitates
780 2454 808 2507 in
818 2452 923 2521 longum
936 2453 1104 2508 suffecissent

291 2528 410 2597 30111111,
419 2529 529 2585 medium
539 2548 629 2601 agmen
641 2548 698 2585 uum
711 2530 801 2585 robore
812 2530 968 2584 Batavormu
978 2530 1104 2595 obtinens,

313 2611 448 2676 utramque
471 2607 556 2661 Rheni
578 2607 667 2677 ripum,
692 2626 742 2679 quo
762 2607 931 2662 truculentior
950 2607 1009 2662 visu
1029 2607 1104 2672 foret,

316 2684 498 2739 Germanorum
518 2684 627 2747 catervis
646 2685 763 2755 eomplet‚
782 2685 921 2739 assultante
938 2702 984 2756 per
1002 2702 1105 2756 campus
1146 2707 1147 2710 ¹

315 2759 408 2829 equite.
445 2758 525 2811 Simul
545 2777 621 2815 naves
640 2761 669 2815 in
687 2761 820 2816 adversum
838 2780 937 2817 amnem
954 2761 1103 2833 agebantur.

293 2836 386 2890 *Hine
409 2837 584 2889 veteranarum
604 2837 746 2892 uohortium
766 2840 848 2911 signa,
867 2839 927 2893 inde
945 2838 1105 2909 deprumptn

317 2911 386 2966 silvis
398 2910 511 2981 lucisque
524 2911 635 2967 ferarum
650 2914 781 2986 imagines,
796 2921 827 2971 ut
843 2917 936 2987 auique
952 2916 1024 2989 genti
1042 2916 1106 2971 inira

317 2987 432 3057 pralium
452 3004 507 3041 mus
525 2991 573 3053 est,
594 2989 677 3044 mixta
694 2990 754 3046 belli
773 2993 855 3049 civilis
873 2995 1023 3065 externique
1042 2994 1106 3050 11111
