2575 3592
308 404 355 451 154
639 400 761 449 TACITI

936 463 971 509 [.Δ
974 462 1010 503 &U
1017 462 1043 501 0.
1053 462 1102 502 822

306 512 433 568 Mnlrinm
459 512 557 583 positis,
581 515 700 645 posterat
712 511 753 567 die
778 510 867 567 urbem
894 510 1102 583 ingrederentur.

306 580 395 646 Ratio
398 588 541 655 annotandi,
555 608 588 645 ιι
599 594 732 661 asperatus
744 589 830 661 praelio
842 588 921 652 miles,
933 607 985 643 non
996 589 1103 660 populo,

306 685 358 722 non
383 667 491 731 senatui,
513 685 547 721 ne
567 667 669 738 templis
690 666 792 738 quidem
812 684 842 723 ae
862 665 973 721 delubris
993 665 1104 722 deorum

285 744 458 800 toonsnleret.
495 743 546 798 Sed
561 762 661 799 omnem
680 744 846 815 prolationem
861 749 891 798 ut
907 744 1034 799 inimieam
1049 743 1105 798 vio·

306 822 380 877 terim
391 820 579 897 suspeqtabant
617 821 698 877 Simul
709 821 816 893 fulgent
809 840 834 875 ra
849 840 894 893 per
905 821 982 877 eolles
997 820 1103 885 vexilla,

307 917 452 971 quanquam
468 890 576 953 imbellis
593 898 702 970 populus
714 902 871 969 sequeretur,
880 898 989 969 speeiem
1000 898 1104 953 hostilis

285 977 435 1031 texeroitus
453 968 575 1031 ιιιιιιιι.
611 977 750 1048 Tripertito
768 977 868 1048 agmine
888 994 954 1047 pars,
971 980 1002 1030 nt
1022 974 1107 1029 adsti-

307 1057 383 1121 terat,
400 1043 590 1119 Flaminiana,
606 1072 666 1124 pars
678 1057 739 1123 juxt
740 1072 755 1107 a
770 1055 851 1125 ripam
867 1053 965 1109 Tiberis
980 1052 1104 1117 ιιιιιιιις

250 1196 257 1207 Ο
307 1131 413 1185 tertium
422 1148 513 1219 agmen
523 1148 568 1202 per
577 1130 696 1185 Salariam
707 1130 811 1185 tellinae
821 1135 900 1201 portas
909 1128 1105 1201 propinquabat

307 1206 412 1274 Plebs,
404 1207 511 1263 inseetis
524 1226 582 1279 equi
576 1206 662 1272 tibus,
678 1207 750 1274 fusa;
778 1208 849 1262 miles
862 1206 1014 1261 Vitellianus
1027 1206 1105 1261 trinis

285 1288 335 1339 ιιι
352 1286 407 1356 ipae
424 1284 547 1356 presidiis
567 1284 689 1339 ooourrit.
724 1284 816 1339 Praelia
834 1288 896 1339 ante
912 1283 1001 1339 urbem
1021 1282 1107 1337 multa

308 1366 335 1431 et
355 1362 434 1426 varia,
454 1361 502 1431 sed
522 1361 657 1429 Flavianis,
678 1361 782 1417 oonsilio
800 1360 894 1416 dueum
913 1359 1106 1431 prestantibus,

308 1440 401 1511 saepius
425 1456 553 1510 prospera.
589 1438 614 1493 Ii
637 1443 739 1493 tantum
763 1438 902 1494 eenfliotati
924 1442 985 1491 sunt
1009 1437 1055 1507 qui
1079 1437 1107 1491 in

308 1520 407 1588 partem
437 1516 565 1570 sinistram
588 1514 659 1570 urbis
687 1515 720 1571 ad
748 1515 913 1570 Sallustianos
936 1514 1035 1579 hortos,
1060 1532 1107 1584 per

287 1597 419 1663 sanguen
445 1597 472 1649 et
496 1592 594 1648 lubrica
615 1592 714 1649 viarum
741 1593 874 1647 flexerant.
923 1592 1108 1661 superstantes

308 1672 424 1727 maceriis
435 1670 568 1727 hortorum
579 1670 712 1725 Vitelliani
724 1669 851 1725 adseram
864 1688 945 1741 usque
957 1668 1027 1723 diem
1039 1669 1108 1725 saxis

309 1749 418 1820 pilisque
436 1747 575 1803 subeuntes
596 1748 724 1816 aroebant,
746 1746 825 1803 donee
849 1746 880 1802 ab
901 1746 1041 1817 equitibus,
1064 1747 1110 1817 qui

287 1829 384 1914 operta
395 1824 658 1896 Gellineirrnperant,
637 1822 916 1880 teir‘oumvenirentur.
946 1823 1110 1879 Concurrere

309 1902 359 1957 et'
352 1920 380 1956 m
395 1919 483 1973 eampo
500 1902 598 1960 Martio
615 1902 716 1957 infesta
734 1902 808 1957 aeies.
845 1903 896 1955 Pro
911 1899 1043 1957 Flavianis
1059 1901 1110 1955 lor-

310 1980 374 2034 tuna
395 1982 423 2035 et
446 1982 520 2045 parta
533 1963 615 2035 toties
632 1979 754 2035 victoria:
780 1978 912 2033 Vitelliani
930 1977 1111 2049 desperatione

311 2056 365 2111 sola
381 2048 506 2121 ruebant3
524 2060 559 2120 et,
552 2075 716 2188 ‚quipnqusm
727 2055 802 2127 pulsi,
817 2073 907 2110 rursm
923 2055 951 2109 in
967 2054 1035 2111 urbe
1054 2073 1111 2111 eon·

266 2141 303 2195 83
311 2133 492 2206 gregaban
527 2133 613 2189 Adera
643 2132 818 2205 pugnantibus
839 2136 969 2204 spectator
989 2132 1110 2203 populus,

312 2211 420 2283 utque
412 2230 442 2267 ιι
458 2210 557 2267 ludium
575 2211 720 2275 eertarnine,
739 2211 793 2275 lues,
812 2228 901 2265 rursus
922 2209 979 2265 illos
999 2209 1111 2265 elamore

311 2293 339 2344 et
361 2290 454 2361 planen
475 2288 586 2344 fovebat.
633 2288 714 2347 Quot
707 2306 743 2342 res
767 2306 826 2376 pars
840 2274 949 2343 altera
952 2285 1111 2359 inelipbsset,

313 2365 433 2421 abditos
424 2384 452 2421 ιι
463 2366 575 2429 tabernis
588 2365 665 2419 aut
645 2383 667 2419 ιι
679 2382 755 2435 qnam
771 2365 798 2419 in
798 2350 916 2419 domum
933 2363 1111 2451 perfugerant,

313 2443 370 2497 erui
390 2442 553 2514 jugularique
576 2442 767 2513 expostulantes
794 2448 866 2513 parte
892 2442 988 2512 majore
1017 2440 1112 2511 praeda

312 2520 491 2593 potiebantur:
515 2539 581 2586 nam,
604 2520 684 2575 milite
705 2520 738 2575 ad
755 2539 834 2593 sanga
836 2520 903 2575 inem
920 2524 948 2575 et
965 2518 1051 2575 sedes
1070 2519 1113 2573 ob

290 2606 394 2662 tremo,
417 2597 498 2668 spolia
516 2599 544 2652 ιι
563 2596 656 2668 vulgus
677 2596 807 2652 cedebant.
845 2598 917 2653 Sere
938 2614 968 2651 ιι
989 2596 1113 2651 deformis

314 2674 376 2729 urbe
387 2676 444 2729 tota
456 2673 541 2728 lanies.
576 2673 646 2728 Alibi
663 2673 750 2744 prelia
761 2678 788 2729 et
799 2674 912 2739 vulnere,
925 2673 986 2729 abbi
1001 2672 1112 2729 balineae

313 2750 478 2822 popinaeque;
511 2750 587 2804 simul
609 2768 685 2804 eruor
708 2755 735 2805 et
759 2754 843 2807 strues
868 2768 1011 2821 corporum,
1034 2753 1112 2819 juxta

313 2832 398 2881 seorta
418 2830 445 2880 et
465 2826 556 2879 soortis
577 2826 687 2892 similes3
713 2832 838 2897 quantum
857 2828 885 2882 in
903 2826 1038 2881 luxurioso
1059 2826 1112 2881 otio

205 2905 216 2953 ,’
313 2902 454 2967 libidinum,
467 2901 591 2973 quidquid
602 2902 630 2957 ιι
640 2901 803 2959 acerbissima
814 2904 962 2974 captivitate
977 2902 1111 2969 scelerum,

315 2998 420 3051 prorsus
443 2983 474 3035 nt
497 2979 602 3035 eandem
625 2978 756 3035 civitatem
779 2986 806 3037 et
830 2982 915 3037 farere
938 2980 1056 3061 oratores
1084 2984 1112 3035 et
