2575 3592
373 413 626 501 Hlsroruaupm
643 412 679 462 11.
697 413 801 463 67-70.
955 414 986 462 89

196 476 298 516 amaa

197 527 268 580 tione
279 476 355 596 qiam
366 524 402 579 ibi
417 526 526 596 opperiri
539 526 652 597 jusserat
668 523 761 588 andita,
774 526 948 593 transgressus
959 522 987 577 in

196 606 287 666 astra
300 602 368 656 ultro
385 602 506 672 pietatem
524 603 632 657 militum
650 600 808 665 collaudavit,
821 598 987 654 frementibus

195 679 304 744 auxiliis,
314 682 413 733 tantum
426 679 584 750 impunitatis
596 684 672 749 atque
684 676 833 749 arrogantia
845 676 987 747 legionariis

195 757 340 811 wessisse.
375 755 531 810 Batavorum
550 757 667 811 cohortes
684 774 716 810 ne
736 753 796 825 quid
818 752 1010 809 truculentius2

194 827 326 898 auderent,
346 832 373 887 in
397 833 558 887 Gennan'mm
576 834 694 898 remissae,
713 831 863 903 principium
886 830 987 885 interno

194 910 273 965 simul
284 914 440 981 externoque
456 908 523 964 bello
538 910 685 981 parantibus
698 909 765 964 latis.
801 907 913 963 Reddita
928 906 1010 962 civi-8

194 987 294 1042 tatibus
317 986 448 1042 Gallorum
476 987 576 1053 auxdia,
600 988 690 1059 ingens
714 1004 834 1041 numerus
858 990 884 1040 et
907 984 988 1055 prima

194 1064 285 1119 statim
302 1063 444 1118 defectione
458 1062 525 1118 inter
541 1064 626 1119 inania
642 1064 701 1119 belli
719 1067 870 1133 assumptus.
907 1062 1011 1116 Cato-4

194 1158 255 1195 rum
266 1146 295 1195 ut
307 1139 483 1211 largitiombus
494 1141 590 1195 affectae
595 1141 648 1212 jam
660 1140 758 1211 imperii
767 1157 827 1211 opes
837 1138 987 1203 sufficerent,

195 1217 323 1287 amputari
333 1217 461 1288 legionum
473 1218 673 1289 auxiliorumque
685 1235 803 1271 numeros
811 1215 892 1287 jubet,
901 1216 988 1271 vetitis

196 1293 380 1363 supplementis
387 1316 396 1360 3
425 1298 453 1348 et
472 1296 621 1365 promiscua)
648 1294 781 1349 missiones
809 1292 987 1347 offerebantur.

196 1369 335 1424 Exitiabile
355 1369 382 1424 id
404 1371 556 1441 reipublice,
580 1373 710 1442 ingratum
733 1371 815 1438 militi,
836 1370 878 1425 cui
901 1370 1010 1427 eadem5

196 1446 286 1499 munia
300 1446 368 1500 inter
378 1465 479 1517 paucos,
495 1449 657 1519 potionisque
673 1466 702 1502 ac
719 1447 789 1503 labor
801 1446 913 1501 crebrius
924 1447 988 1501 redi-

197 1522 270 1576 bant.
304 1522 340 1577 Et
357 1524 423 1579 vires
439 1524 502 1579 luxu
519 1525 751 1596 corrumpebantur,
771 1529 860 1578 contra
877 1526 989 1578 veterem

198 1598 354 1670 disciplinam
375 1604 403 1656 et
425 1602 545 1657 instituta
565 1602 695 1674 majorum,
720 1600 787 1671 apud
808 1618 871 1672 qnos
892 1601 988 1656 virtute

197 1694 275 1747 quam
286 1677 393 1747 pecunia
403 1696 444 1733 ros
456 1678 572 1733 Romana
584 1678 673 1734 melius
686 1679 766 1733 stetit.

230 1753 297 1809 Inde
308 1754 428 1809 Vitellius
444 1754 594 1810 Cremonam
611 1756 690 1821 flexit,
704 1759 738 1820 et,
758 1756 873 1826 spectato
885 1772 988 1809 munere
997 1759 1032 1818 70

195 1829 311 1896 Caecinae,
335 1830 454 1886 insistere
477 1832 687 1888 Bedriacensibus
708 1833 804 1903 campis
828 1850 858 1887 ae
881 1832 989 1903 vestigia

195 1907 307 1962 recentis
329 1907 444 1962 victoriae
460 1908 571 1964 lustrare
591 1909 671 1963 oculis
695 1908 846 1980 concupivit.
883 1908 1011 1963 Foedum2

195 1988 274 2055 atque
285 1988 360 2038 atrox
372 1985 551 2055 spectaculum.
587 1986 661 2040 Intra
668 1985 885 2058 quadragesimum
897 2004 989 2056 pugna

196 2060 266 2115 diem
276 2060 360 2115 lacera
370 2079 482 2132 corpora,
495 2063 579 2117 trunci
595 2068 674 2128 artus,
688 2067 776 2133 putres
788 2063 899 2117 virorum
912 2080 989 2131 equo-

195 2154 305 2206 rumque
316 2137 411 2202 iormae,
430 2138 526 2193 iniecta
536 2139 596 2195 tabo
612 2140 712 2205 humus,
725 2139 840 2209 protritis
858 2138 989 2193 arboribus

195 2231 228 2268 ac
246 2213 363 2283 irugibns
380 2213 436 2268 dira
452 2215 566 2270 vastitas.
602 2216 659 2271 Nec
677 2216 759 2271 minus
777 2216 913 2270 inhumana
930 2227 1011 2285 parsu

194 2290 253 2354 vioe,
273 2307 348 2359 quam
365 2290 547 2347 Cremonenses
565 2292 639 2347 laura
660 2310 766 2363 rosaque
790 2296 987 2357 constraverunt,

194 2366 336 2421 exstructis
347 2366 468 2441 altaribus
480 2369 600 2440 cesisque
610 2370 717 2424 victimis
729 2369 826 2439 regium
838 2368 865 2423 in
876 2386 988 2435 morem3

194 2462 262 2515 quse,
274 2443 334 2497 licta
344 2443 372 2497 iu
384 2462 502 2514 presens,
509 2464 569 2501 mox
580 2446 716 2517 perniciem
727 2446 788 2516 ipsis
805 2445 893 2499 fecere.
922 2445 1013 2502 nde-4

195 2524 255 2575 rant
268 2520 363 2574 Valens
381 2526 408 2575 et
429 2522 537 2587 Caecina,
554 2523 778 2594 monstrabantque
796 2540 887 2595 pugnas
904 2521 988 2577 locos:

196 2597 257 2651 hine
274 2598 396 2668 irrupisse
416 2598 544 2670 legionum
568 2619 666 2672 agmen,
686 2600 745 2655 hinc
764 2600 862 2671 equites
880 2604 988 2664 coortos,

197 2672 259 2728 inde
270 2674 435 2729 amomum
447 2676 597 2731 anxiliormn
611 2696 708 2732 manus.
745 2678 762 2731 J
763 2696 803 2732 am
814 2676 911 2732 tribuni
923 2694 988 2746 prar-

197 2751 318 2821 iectiqne
335 2770 383 2805 sua
398 2753 505 2823 quisquc
519 2754 588 2809 iacta
604 2754 761 2819 extollentes,
774 2754 844 2818 falsa,
864 2770 931 2817 vera,
944 2756 989 2806 aut

197 2827 296 2897 majora
312 2846 373 2882 vero
392 2830 539 2884 miscebant.
575 2829 676 2902 Vulgus
698 2849 797 2901 quoque
814 2830 923 2883 militum
941 2827 1011 2889 cla-a

197 2920 271 2959 more
286 2908 313 2957 ct
330 2904 422 2975 gaudio
443 2906 577 2961 deflectam
596 2907 644 2972 via,
664 2908 746 2977 spatia
765 2904 930 2961 certaminum
951 2920 989 2955 re·

197 2997 359 3051 0⁰S¹²⁰⁵⁰⁰f⁰2
371 3000 490 3053 aggerem
502 3001 636 3050 armorrnn,
648 2987 732 3039 strues
741 2996 874 3052 corporuun
885 2976 988 3042 intueri,
