2575 3592
304 393 352 450 tra
620 397 769 446 rhemos
951 370 958 380 ’

301 508 477 580 intelligebant
496 526 561 580 opus
584 527 648 576 esse,
668 527 719 564 nou
738 513 768 564 ut
790 509 817 566 in
841 509 970 564 rhetorum
994 511 1093 566 scholis

302 586 477 652 declamarent,
495 604 542 641 nec
558 591 589 640 ut
606 587 672 640 fictis
688 605 735 640 nee
748 585 800 640 ullo
816 586 890 640 modo
906 585 938 640 ad
956 587 1094 643 veritatem
1143 599 1144 654 l

301 663 479 718 accedentibus
491 663 667 718 controversiis
683 663 795 736 linguam
811 664 884 718 modo
901 669 927 718 et
939 681 1024 718 vocem
1044 683 1093 718 ex·
1143 657 1144 746 i

301 745 423 806 ercerent,
435 740 481 794 sed
491 745 522 794 nt
539 741 570 794 iis
586 740 683 794 artibus
699 745 787 812 pectus
804 741 944 811 implerent,
957 740 1091 811 inquibus
1143 755 1144 796 l

302 816 334 871 de
357 817 429 871 bonis
449 835 479 872 ac
499 817 578 882 mnlis,
600 817 632 871 de
652 817 759 872 honesto
779 823 806 872 et
825 817 903 888 turpi,
922 817 954 872 de
970 817 1041 888 justo
1061 823 1090 872 et

249 898 252 902 ’
277 895 398 963 tinjusto
414 894 565 964 disputatur.
601 895 667 950 Haec
683 895 749 949 enim
763 899 803 949 est
819 888 914 949 oratori
929 894 1044 964 subjecta
1055 895 1090 950 ad
1143 915 1144 982 p

302 969 436 1025 dicendum
450 971 563 1026 materia
598 971 666 1026 Nam
680 971 707 1025 in
721 971 824 1040 judiciis
840 971 893 1026 iere
910 971 941 1027 de
958 973 1087 1043 equitate,
1143 983 1144 1004 ³

301 1046 329 1102 in
340 1047 560 1103 deliberationibus
575 1047 607 1102 de
622 1048 755 1103 honestate
773 1047 917 1102 disserimus
934 1050 978 1113 ita,
991 1053 1022 1102 ut
1034 1048 1089 1120 ple-

301 1142 408 1195 rumque
423 1124 477 1180 haeo
491 1125 570 1196 [ipsa]
586 1125 693 1180 invicem
708 1125 868 1188 misceantur,
884 1124 915 1178 de
933 1125 1025 1196 quibus
1045 1143 1088 1180 eu·

281 1201 371 1271 :piose
391 1204 418 1256 et
435 1202 503 1256 varie
520 1207 546 1256 et
563 1206 652 1256 ornate
669 1219 742 1256 nemo
763 1201 844 1256 dicere
862 1205 956 1271 potest,
972 1202 1021 1256 nisi
1042 1203 1088 1272 qui
1143 1237 1144 1274 p

301 1278 419 1348 cognovit
437 1284 552 1333 naturam
571 1279 705 1332 humanam
722 1282 748 1332 et
763 1278 813 1332 vim
832 1280 956 1332 virtutum
976 1279 1083 1348 pravita-
1143 1295 1144 1326 1

300 1357 402 1424 temque
411 1355 529 1410 vitiorum
540 1360 567 1410 at
578 1353 734 1410 intellectum
742 1373 835 1419 eorum,
845 1373 900 1425 quae
912 1373 958 1408 nec
970 1355 996 1408 in
1005 1355 1087 1410 virtu-
1143 1345 1144 1408 l

270 1436 292 1484 '8
301 1429 369 1485 tibus
381 1450 428 1487 nec
436 1432 506 1487 vitiis
517 1437 689 1488 numerantur.
724 1431 765 1486 Ex
779 1431 816 1486 his
828 1431 941 1485 lontibus
954 1434 1029 1486 etiam
1042 1432 1086 1486 ille
1143 1431 1144 1488 l

299 1507 437 1577 profluunt,
449 1514 479 1562 ut
491 1508 588 1564 facilius
598 1509 663 1564 iram
673 1507 764 1578 judicis
778 1507 817 1562 vel
828 1507 932 1578 instiget
946 1507 985 1561 vel
996 1508 1083 1573 leniat,
1143 1503 1144 1556 l

300 1583 344 1654 qui
361 1585 409 1639 soit
421 1585 482 1656 quid
498 1585 543 1650 ira,
556 1585 696 1656 promptius
709 1584 740 1638 ed
757 1584 943 1638 miserationem
960 1584 1081 1654 impellat,
1143 1579 1144 1634 l

299 1660 344 1730 qui
357 1662 406 1716 scit
422 1661 483 1733 quid
498 1661 532 1715 sit
549 1659 719 1716 misericordia
736 1666 763 1716 et
781 1660 872 1732 quibus
884 1661 961 1714 animi
973 1661 1082 1728 motibus
1143 1679 1144 1724 r

273 1738 447 1794 concitetur.
482 1737 674 1793 lnhisartibus
683 1737 955 1808 exercitationibusque
968 1745 1082 1794 versatus
1143 1735 1144 1770 ³

298 1819 391 1882 orator,
403 1815 456 1870 sive
471 1815 540 1884 apud
553 1815 663 1869 infestos
680 1815 733 1870 sive
749 1813 816 1884 apud
833 1814 939 1884 cupidos
951 1815 1003 1869 sive
1015 1815 1082 1885 apud

297 1890 439 1946 invidentes
454 1892 507 1948 sive
523 1891 590 1961 apud
607 1891 694 1946 tristes
710 1891 763 1946 sive
780 1890 847 1960 apud
861 1891 979 1946 timentes
996 1891 1081 1946 dioen-

279 2010 282 2018 .
297 1966 358 2022 dum
370 1967 494 2036 habuerit,
505 1967 602 2023 tenebit
613 1986 690 2024 venas
708 1967 854 2032 animorum,
867 1973 894 2022 et
910 1973 985 2038 prout
997 1971 1081 2038 cujus-

298 2064 347 2116 qne
358 2052 450 2102 natura
465 2046 609 2118 postulabit,
628 2045 757 2100 adhibebit
774 2064 875 2100 manum
891 2051 917 2100 et
932 2045 1082 2116 temperabit
1143 2055 1144 2120 J

296 2124 442 2191 emtionem,
454 2128 542 2194 parato
553 2123 622 2178 omni
632 2124 800 2178 instrumento
812 2128 838 2177 et
854 2121 885 2177 ud
897 2141 994 2178 omnem
1007 2141 1081 2178 usum
1143 2121 1144 2126 ’

270 2202 415 2272 reposito.
452 2202 517 2256 Sunt
533 2200 600 2272 apud
616 2219 680 2273 quos
698 2199 846 2256 adstrictum
862 2205 888 2255 et
905 2199 1035 2255 collectum
1052 2205 1081 2256 et
1143 2215 1144 2258 l

283 2279 397 2352 singula
418 2281 505 2334 statim
529 2284 679 2352 argumenta
700 2278 850 2334 concludens
874 2278 972 2336 dicendi
1000 2297 1080 2349 genus

193 2383 197 2394 ·
296 2357 355 2427 plus
367 2356 426 2412 fidei
436 2363 563 2412 meretur:
582 2356 649 2427 apud
661 2355 706 2412 bos
718 2355 816 2410 dedisse
832 2373 933 2426 operam
945 2355 1080 2410 dialecticae

295 2434 416 2505 proficiet.
451 2435 523 2489 Alios
545 2434 604 2488 fusa
626 2437 654 2488 et
677 2433 778 2504 aequalis
802 2437 828 2488 et
851 2451 885 2487 ex
908 2431 1079 2487 communibus

295 2510 372 2566 ducta
388 2511 503 2566 sensibus
520 2511 601 2566 oratio
618 2511 698 2582 magis
716 2510 841 2566 delectat:
869 2509 901 2564 ad
918 2510 964 2564 hus
982 2527 1080 2579 perruo·
1143 2535 1144 2546 ,

295 2588 390 2642 nendos
401 2589 573 2644 mutuabimur
590 2605 606 2642 a
620 2588 797 2657 Peripateticis
814 2591 886 2657 aptos
903 2591 931 2640 et
943 2587 969 2640 iu
981 2605 1079 2640 omnem

269 2663 490 2736 6disputati0nem
512 2670 611 2736 paratos
626 2668 679 2734 jam
697 2664 773 2720 locos.
810 2664 915 2720 Dabunt
935 2663 1078 2718 Academici

295 2744 491 2814 pugnacitatem,
505 2743 579 2796 Plato
594 2741 762 2806 altitudinem,
781 2742 923 2811 Xenophon
938 2741 1078 2812 juounditc
1143 2737 1144 2754 ¹

293 2821 362 2874 tem:
381 2839 414 2875 ne
431 2819 536 2890 Epicuri
552 2817 653 2890 quidem
671 2824 697 2872 et
715 2818 860 2872 Metrodori,
873 2819 992 2872 honestus
1008 2835 1078 2888 quas-

293 2894 351 2950 dum
369 2897 563 2951 exclamationes
581 2914 715 2960 assumere,
738 2895 819 2966 iisque
840 2900 916 2966 prout
935 2913 976 2950 res
997 2895 1077 2966 poscit

257 2973 341 3038 ,tuti
360 2973 468 3028 alienum
485 2974 535 3030 erit
552 2972 655 3027 oratori
692 2972 782 3044 Neque
799 2973 866 3028 enim
884 2972 1023 3044 sapientem
1039 2971 1077 3024 in-
