2575 3592
298 386 329 435 80
633 388 753 437 reem

927 450 963 498 [A.
972 450 1000 489 U.
1009 450 1033 489 ὓ.
1043 450 1095 491 Μ.

298 494 360 551 dum
382 498 476 555 eelebri
503 498 562 553 luoo
584 498 729 555 consedisse
757 498 845 555 incola
867 505 1016 564 memorant,
1041 518 1096 558 nea

298 574 389 633 deinde
413 583 481 633 ooetu
502 575 631 631 hominum
655 582 699 631 aut
723 575 978 631 oiroumvolitsntium
998 576 1096 633 alitum

297 654 414 709 territam
425 654 563 726 pulsamus,
570 652 651 708 donee
663 653 732 707 Otho
740 654 828 725 seipse
840 654 994 709 interflueret
1004 676 1012 719 3
1030 658 1095 709 tum

298 729 408 785 ablatam
428 750 461 787 ex
479 730 576 796 oeulis3
600 735 627 785 et
647 734 763 801 tempora
785 730 962 801 reputantibus
984 730 1095 787 initium

298 808 424 879 finemque
435 808 550 865 miraculi
561 826 619 863 oum
630 807 740 862 Othonis
752 808 824 863 exitu
836 809 996 878 oompetisse.

254 888 290 943 51
333 885 366 939 Iu
378 886 467 941 iuuere
479 886 534 956 ejus
542 889 636 941 novata
643 884 717 939 lustu
726 903 755 939 ao
764 884 850 939 dolore
861 884 971 939 militum
980 884 1094 941 seditio:

298 980 346 1017 neo
369 967 425 1017 erat
445 964 490 1034 qui
509 967 644 1018 ooiroeret.
681 961 723 1016 Ad
746 961 898 1033 Verginium
917 962 992 1029 versi,
1013 962 1094 1017 modo

298 1043 330 1095 ut
348 1040 472 1111 reciperet
492 1039 633 1111 imperium,
654 1057 724 1095 nuno
744 1045 773 1093 ut
795 1038 923 1111 legatione
946 1038 1014 1111 apud
1034 1039 1095 1095 Osr-

298 1116 381 1172 oinam
405 1135 434 1173 ao
460 1117 594 1172 Valentem
615 1116 774 1188 iungeretur,
800 1117 947 1173 minitantes
972 1116 1093 1173 orabunt.

276 1194 445 1266 2Verginius,
457 1213 503 1266 per
514 1212 627 1249 aversam
639 1192 728 1249 domus
736 1196 834 1264 partem
846 1194 935 1249 furtim
944 1193 1093 1265 degressus,

276 1271 466 1343 dirrumpeutea
483 1272 622 1326 frustratus
639 1274 688 1325 est.
723 1270 821 1325 Earum
835 1289 892 1342 quae
907 1270 1013 1327 Brixelli
1030 1289 1094 1343 ege·

297 1352 356 1403 runt
373 1348 515 1405 cohortium
532 1366 619 1421 preoes
639 1346 754 1403 Rubrius
774 1347 860 1403 Gallus
880 1348 949 1414 tulit,
970 1354 998 1403 et
1015 1350 1094 1403 venis

298 1426 385 1481 statim
402 1426 546 1498 impetrata,
565 1423 761 1480 consedentibus
779 1424 812 1479 ud
830 1425 951 1481 victorem
968 1444 1015 1497 per
1031 1426 1093 1481 uu-

298 1504 366 1559 vium
380 1504 502 1559 Sabinum
513 1504 544 1559 iis
556 1502 635 1573 oopiis
648 1501 740 1573 quibus
752 1502 896 1573 praefuerat.

253 1592 292 1647 52
332 1581 422 1636 Posito
444 1581 540 1652 ubique
563 1580 637 1643 bello,
661 1598 754 1651 magns
782 1598 842 1649 pers
872 1584 976 1635 senatus
1005 1584 1091 1636 extre·

298 1677 368 1713 mum
387 1659 522 1714 disorimm
540 1656 610 1725 adiit,
628 1656 743 1727 proiecta
764 1674 822 1713 oum
842 1657 944 1714 Othone
964 1656 996 1713 ab
1015 1657 1090 1724 urbe,

298 1734 358 1790 dein
373 1736 482 1790 Mutina
497 1734 593 1789 sabota
628 1732 695 1788 Illuo
711 1734 816 1789 adverso
832 1734 864 1790 de
877 1735 963 1806 prelio
975 1734 1089 1790 allatum.

275 1812 350 1867 used
361 1812 462 1877 milites,
474 1816 505 1866 ut
520 1811 620 1876 falsum,
637 1829 764 1865 rumorem
781 1818 952 1883 aspernantes,
967 1811 1034 1883 quod
1050 1812 1090 1867 in·

297 1888 399 1944 sensum
415 1888 513 1943 Othoni
529 1893 644 1943 senatum
669 1887 863 1955 arbitrabantur,
887 1888 1014 1945 custodire
1037 1907 1090 1944 ser-
1147 1890 1148 1893 ’

298 1984 393 2032 mones,
411 1966 512 2021 vultum
524 1964 690 2035 habitumque
708 1965 809 2021 trahere
825 1966 852 2021 in
871 1966 982 2021 deterius
996 1984 1004 2031 ;
1030 1983 1090 2021 oon·

298 2043 370 2099 vioiis
382 2048 510 2115 postremo
522 2060 551 2097 ao
562 2042 661 2114 probris
673 2059 774 2097 oausam
786 2047 812 2097 et
824 2044 924 2099 initium
936 2042 1010 2101 oaedis
1022 2062 1090 2112 qum

298 2121 396 2187 rebant,
414 2139 473 2175 oum
490 2120 554 2175 alius
571 2120 675 2189 insuper
691 2124 776 2173 metus
793 2120 952 2175 senatoribus
972 2121 1088 2186 instaret,

298 2197 487 2271 neproevalidis
497 2199 550 2269 jam
558 2196 658 2251 Vitellii
666 2196 789 2267 partibus,
802 2202 951 2253 cunctanter
960 2198 1090 2269 exoepisse

277 2277 431 2333 tviotorium
446 2276 618 2332 mederentur.
654 2274 697 2329 Itu
715 2274 816 2346 trepidi,
832 2280 858 2331 et
874 2276 993 2347 utrinque
1011 2276 1088 2344 anxii,

299 2358 401 2419 ooduut,
417 2372 492 2409 nemo
507 2352 627 2426 privatim
640 2351 762 2423 expedito
778 2354 890 2419 mosibo,
911 2354 979 2409 inter
994 2353 1089 2409 multos

301 2431 422 2487 societate
434 2431 514 2502 oulpae
525 2431 614 2486 tutior.
650 2429 778 2485 Onerabat
787 2430 933 2501 paventium
945 2447 1018 2493 ouras
1026 2430 1089 2485 ordo

300 2507 457 2563 Mutinensia
474 2526 543 2562 arma
557 2512 584 2561 et
599 2506 732 2578 pecuniam
744 2507 880 2574 offerendo,
899 2506 1089 2579 appellabatque

257 2588 387 2656 53patres
399 2584 555 2655 oonsoriptos
571 2584 750 2654 intempestivo
761 2584 865 2639 honore.
899 2583 1020 2641 Notabile
1033 2584 1091 2655 jur·

301 2661 373 2732 gium
388 2660 446 2725 fuit,
465 2678 516 2731 quo
529 2660 644 2715 Licinius
661 2660 762 2715 Coeoina
778 2660 930 2717 Marcellum
941 2661 1048 2733 Eprium
1059 2668 1089 2717 ut

302 2738 420 2809 ambigua
438 2736 604 2791 disserentem
623 2737 724 2811 invasit.
769 2738 825 2794 Nea
844 2740 929 2795 aeteri
952 2738 1090 2795 sententiis

301 2814 462 2884 aperiebant:
487 2812 533 2867 sed
550 2812 659 2867 inuisum
678 2816 798 2871 memorie
815 2814 977 2881 delationum,
993 2817 1091 2887 exposi-

301 2893 409 2961 tumque
422 2889 455 2944 ud
470 2888 597 2954 invidiam,
614 2890 729 2947 Mareelli
746 2910 839 2947 nomen
855 2894 998 2949 irritaverat
1014 2893 1091 2949 Garoi-

301 2984 368 3033 uam,
386 2970 417 3022 ut
432 2984 514 3023 novus
532 2965 623 3031 adbuc,
642 2966 716 3022 etin
736 2974 851 3025 senatum
870 2988 951 3041 nuper
971 2970 1090 3037 adscitus,
