2575 3592
437 424 619 473 AGRICOLA
635 428 740 474 40-48.
931 429 974 476 281

189 487 218 524 A.
229 486 255 524 D.
264 485 294 524 90.
303 487 347 536 id]

190 535 334 592 mitiacum.
368 536 421 596 eri
443 541 548 607 paratus
571 537 736 604 simulatione,
761 537 788 592 in
811 539 1003 610 arrogantiam

188 613 353 682 compositus,
375 619 401 668 et
420 613 500 668 audiit
521 631 607 685 preces
627 615 779 681 excusantis,
801 619 835 681 et,
857 633 914 670 cum
935 634 979 671 an·

186 688 296 754 unisset,
312 690 354 760 agi
369 689 417 745 sibi
435 689 529 762 gratiss
545 709 635 761 passus
653 699 700 756 est,
719 709 766 746 nec
783 691 885 747 erubuit
902 691 978 747 bene-

186 765 240 820 ficii
255 765 356 821 invidia
392 767 515 822 Selenium
531 772 618 822 temen
634 768 803 838 proconsulari
823 769 924 824 solitum
939 769 978 824 of-

185 841 257 908 ferri,
269 847 296 896 et
308 842 456 913 quibusdem
472 863 488 898 a
503 862 531 898 se
546 846 604 914 ipso
620 862 774 914 concessum,
786 845 910 916 Agricolae
926 864 977 902 non

185 917 266 983 dedit,
280 919 333 973 sive
345 919 455 975 offensus
471 938 522 975 non
533 921 650 992 petitum,
664 922 717 976 sive
729 940 760 976 ex
772 923 931 988 conscientia,
944 941 976 977 nc

184 994 256 1066 quod
267 1001 383 1050 vetuerat
395 997 525 1052 videretur
540 999 638 1053 emisse.
675 999 809 1069 Proprium
824 999 1001 1054 humanitus

182 1072 255 1144 genii
273 1077 314 1126 est
330 1073 412 1129 odisse
430 1093 505 1145 quem
523 1074 632 1130 laeseris:
652 1075 791 1130 Domitiani
809 1095 868 1130 vero
886 1081 977 1132 nature

182 1167 298 1220 preceps
318 1149 346 1205 in
364 1151 428 1206 iram
448 1156 482 1217 et,
503 1169 553 1222 quo
574 1152 712 1218 obscurior,
731 1170 761 1207 eo
782 1153 976 1221 irrevocabilior,

181 1225 358 1281 moderatione
375 1233 461 1282 tamen
481 1228 664 1299 prudentisque
683 1228 808 1298 Agricolae
827 1229 975 1296 leniebatur,

182 1303 246 1374 quia
265 1321 317 1356 non
334 1304 492 1360 contumacia
508 1323 591 1376 neque
610 1304 680 1360 inani
693 1305 833 1375 jactatione
851 1305 975 1362 libertatis

180 1379 277 1434 famam
290 1379 420 1452 latumque
437 1381 595 1451 provocabat.
631 1381 725 1447 Sciant,
740 1382 831 1453 quibus
847 1383 923 1436 moris
935 1389 974 1437 est
989 1393 1003 1440 5

180 1456 274 1511 illicita
284 1457 376 1522 mirari,
390 1475 466 1526 posse
477 1458 554 1512 etiem
566 1457 614 1513 snb
621 1458 694 1512 melis
703 1457 858 1530 principibus
870 1477 974 1530 magnos

180 1533 252 1586 viros
269 1550 331 1597 esse,
344 1533 542 1606 obsequiumque
558 1553 587 1590 ac
598 1533 754 1600 modestiam,
769 1535 791 1590 si
806 1534 931 1590 industria
945 1553 974 1590 ec

179 1610 258 1680 vigor
273 1609 364 1675 edsint,
381 1629 412 1665 eo
429 1611 510 1666 landis
527 1610 655 1676 excedere,
675 1629 724 1682 quo
742 1611 853 1682 plerique
870 1629 916 1682 per
931 1611 974 1667 ab·

179 1690 269 1756 rupta,
280 1685 325 1742 sed
339 1687 367 1742 in
377 1687 474 1742 nullum
490 1687 634 1760 reipublice
650 1705 732 1754 usum,
745 1687 877 1742 ambitiose
892 1694 973 1744 morte

179 1761 365 1818 inclaruerunt.

217 1838 288 1894 Finis
308 1840 367 1896 vita
387 1841 443 1914 ejus
463 1840 535 1897 nobis
555 1841 696 1909 luctuosus,
715 1841 800 1896 amicis
820 1841 910 1909 tristis,
930 1859 973 1898 ox·
982 1849 1019 1902 43

177 1915 279 1970 mansis
298 1917 374 1971 etiam
395 1918 539 1990 ignotisque
555 1937 607 1972 non
628 1918 682 1973 sine
700 1936 761 1973 cure
780 1918 837 1974 fnit.
873 1919 1046 1992 vulgisum·

178 2011 283 2063 quoque
302 1997 330 2048 et
352 1993 393 2049 bic
414 1994 482 2050 aliud
502 2013 579 2067 agens
596 1997 709 2066 populus
723 2000 750 2050 et
769 1996 924 2050 ventitavere
942 1997 974 2051 ad
987 1972 1041 2064 isi,

178 2068 285 2123 domum
302 2074 329 2124 et
344 2089 391 2140 per
407 2071 463 2126 fors
482 2075 509 2126 et
529 2072 636 2126 circulus
652 2071 731 2126 locuti
750 2077 825 2138 snnt;
843 2089 889 2126 nec
907 2073 974 2142 quis·
994 2071 1025 2110 ⁹&

178 2163 259 2214 qnam
270 2146 357 2201 audita
367 2153 449 2203 morte
460 2148 588 2220 Agricolse
600 2153 645 2202 aut
657 2150 758 2203 laetetus
770 2153 817 2212 est,
828 2153 873 2202 eut
885 2149 972 2202 statim

176 2220 277 2276 oblitus
299 2228 346 2278 est.
393 2225 513 2296 Augebat
535 2225 722 2279 miserationem
746 2229 864 2279 constans
887 2233 997 2280 rumor2

174 2313 280 2353 veneno
301 2298 477 2372 interceptum.
513 2301 596 2356 Nobis
619 2301 683 2356 nihil
704 2300 828 2369 comperti
851 2300 972 2356 affirmare

173 2374 271 2430 ausim.
307 2378 432 2434 Ceterum
452 2396 498 2448 per
521 2397 621 2433 omnem
643 2377 808 2433 valitudinem
831 2377 895 2448 ejus,
919 2396 973 2434 cre·

172 2452 251 2507 brius
273 2471 349 2523 quam
369 2473 403 2508 ex
423 2458 493 2510 more
513 2455 681 2525 principatus,
703 2473 749 2526 per
768 2453 871 2509 nuntios
891 2454 972 2510 visen·

169 2529 220 2594 tis,
239 2533 267 2584 et
287 2529 434 2585 libertorum
455 2532 530 2602 primi
551 2536 578 2587 et
594 2531 749 2586 medicorum
769 2531 852 2586 intimi
871 2549 970 2598 venere,

169 2606 233 2662 sive
256 2624 318 2661 cura
339 2607 403 2662 illud
427 2608 480 2662 eive
502 2608 633 2680 inquisitio
659 2612 721 2663 erat.
770 2609 893 2678 Supremo
917 2610 994 2680 qui-a

166 2686 238 2752 dem,
256 2683 297 2738 die
316 2685 519 2755 momenteipsn
536 2685 676 2741 deficientis
693 2704 740 2756 per
759 2685 894 2758 dispositos
915 2704 971 2740 cur·

164 2779 248 2817 sores
271 2761 391 2816 nuntiata
414 2761 554 2828 oomtsbet,
578 2763 649 2817 nullo
672 2762 791 2818 credente
817 2763 854 2818 sic
877 2761 971 2817 eccele-

163 2839 226 2896 rari
238 2857 296 2908 quse
306 2838 390 2893 tristis
401 2839 509 2894 audiret.
546 2840 661 2910 Speciem
673 2843 759 2894 tumen
776 2839 868 2894 doloris
885 2838 968 2894 euimo

160 2915 300 2986 vultuque
311 2933 364 2986 pras
375 2934 404 2970 se
419 2916 487 2981 tulit,
501 2933 605 2971 securus
618 2920 672 2986 jam
690 2915 749 2982 odii,
767 2921 793 2972 et
810 2915 853 2988 qui
868 2914 967 2970 facilius

159 2991 346 3050 dissimulamt
363 2992 484 3063 gaudium
502 3011 577 3065 qnam
597 2997 703 3048 metum.
738 2993 806 3048 Satis
826 2990 992 3058 constabatt
