2575 3592
201 460 230 496 A.
242 458 268 496 D.
278 457 320 508 m
396 395 649 447 HISTORIARUM
668 400 688 446 1.
707 401 810 450 22-27.
968 401 998 448 15

200 507 317 561 Romani
328 507 540 576 transferendum,
552 513 579 563 et
591 510 786 566 transtulerunt.
823 510 856 566 In
868 511 996 568 eonscien-

199 585 269 639 tiam
292 585 411 640 facinoris
441 586 515 656 pauci
538 586 637 642 adsciti
687 589 828 660 Suspensos
852 593 1016 644 oeterorumt

199 661 303 716 animos
326 661 432 717 diversis
456 663 554 718 artibus
577 665 719 730 stimulant,
741 665 864 736 primores
885 665 996 720 militum

199 757 251 810 per
263 739 384 794 beneficia
395 739 546 811 Nymphidii
556 745 587 795 ut
599 747 740 813 suspectos,
753 743 845 814 vulgus
857 746 885 797 et
896 747 995 798 eeteros

199 817 244 872 ire
255 822 283 871 et
298 816 475 887 desperatione
491 816 563 872 dilati
579 819 657 874 toties
673 819 793 875 donativi.
830 820 912 874 Erant
929 829 1019 891 qnosa

198 894 327 950 memoria
339 893 450 949 Nemnis
462 912 492 950 ue
509 893 662 950 desiderium
680 897 771 968 prioris
786 897 894 952 lieentiae
908 915 995 952 noeen-

200 971 287 1026 deret.
330 971 364 1026 In
387 989 519 1026 eommune
541 991 628 1028 omnes
653 979 724 1030 metu
748 974 875 1030 mutendae
898 974 1017 1036 mittier

199 1049 376 1104 terrebantur.
424 1049 519 1104 lnfeeit
541 1068 573 1104 es
594 1051 667 1106 tabes
690 1051 819 1124 legionum
843 1070 944 1124 quoque
968 1056 1041 1112 ctae

198 1126 358 1182 auxiliorum
369 1129 452 1181 motas
461 1126 514 1197 jam
525 1131 632 1192 mentes,
645 1133 780 1200 postquem
793 1129 925 1200 rudgatum
940 1134 996 1183 erat

199 1203 291 1259 labare
314 1203 457 1258 Germanioi
480 1204 608 1259 exercitus
632 1205 717 1260 fidem.
759 1205 883 1277 Adeoque
906 1210 1018 1276 parotaa

199 1279 274 1350 apud
295 1279 374 1334 malos
392 1279 492 1345 seditio,
514 1281 592 1335 etium
611 1281 681 1352 apud
695 1282 809 1354 integros
828 1282 995 1338 dissimulatio

201 1357 265 1421 fuit,
283 1361 314 1410 ut
335 1360 438 1427 postero
461 1356 555 1412 Iduum
577 1357 703 1430 [dierum]
723 1359 871 1415 redeuntem
890 1378 906 1414 a
925 1377 997 1415 omns

202 1434 335 1488 Othonem
346 1434 446 1504 rapturi
456 1433 560 1499 fuerint,
573 1435 601 1489 ni
612 1435 711 1492 ineerta
722 1437 806 1492 noetis
819 1441 845 1491 et
860 1439 916 1492 tota
933 1436 996 1491 urbe

200 1529 295 1581 sparsa
306 1510 415 1565 militum
427 1518 512 1566 eastre
522 1529 570 1566 nee
581 1511 681 1567 facilem
693 1513 760 1570 inter
771 1513 924 1569 temulentos
937 1531 997 1568 oon-

202 1607 311 1644 sensum
322 1588 476 1653 timuissent,
484 1607 541 1644 non
552 1589 590 1644 rei
601 1589 709 1660 publioae
720 1609 788 1656 eura,
808 1609 884 1662 quem
901 1590 996 1645 foedsre

204 1665 329 1737 principis
352 1665 394 1720 sui
417 1665 541 1737 sanguine
571 1666 649 1722 sobrii
672 1668 802 1738 parebant,
828 1667 873 1724 sed
895 1686 928 1723 ne
951 1686 997 1739 per

202 1742 333 1809 tenebras,
346 1746 377 1797 ut
389 1743 496 1814 quisque
508 1743 648 1800 Pannonici
659 1745 700 1800 vel
712 1745 854 1802 Germanioi
868 1745 995 1802 exereitus

201 1820 329 1878 militibus
352 1820 454 1876 oblatus
484 1825 561 1886 esset,
586 1822 763 1893 ignorantibus
787 1824 923 1895 plerisque,
948 1841 995 1894 pro

204 1899 309 1954 Othone
321 1898 500 1954 destinaretur.
537 1899 622 1954 Multa
633 1902 790 1972 erumpentis
807 1901 939 1956 seditionis
957 1902 995 1956 in-

202 1975 273 2031 dieia
285 1994 331 2047 per
343 1976 456 2031 oonseios
468 1993 606 2046 oppressa:
624 1977 740 2047 quedam
752 1979 820 2050 apud
829 1979 914 2034 Gelbae
922 1997 995 2034 aures

204 2053 343 2126 praefeotus
363 2053 433 2108 Laco
454 2052 538 2118 elusit,
556 2054 661 2125 ignarum
678 2055 825 2110 militarium
846 2056 995 2123 animorum,

201 2132 355 2203 eonsiliique
376 2131 490 2203 quamvis
512 2133 617 2204 egregii,
639 2134 708 2205 quod
732 2151 785 2190 non
807 2135 862 2206 ipse
885 2135 994 2202 afferret,

204 2209 332 2274 iuimicus,
345 2213 372 2263 et
384 2207 505 2264 adversm
517 2211 613 2280 peritos
624 2212 751 2282 pervieax.
788 2211 886 2266 Oetevo
898 2211 994 2266 deoimo
1003 2215 1039 2273 27

204 2286 334 2343 Kalendas
341 2285 491 2342 Februarias
500 2287 653 2343 sacrificanti
661 2307 707 2360 pro
716 2288 770 2344 oede
777 2288 901 2358 Apollinis
909 2287 995 2344 Galbae

204 2363 335 2435 haruspex
346 2363 494 2419 Umbricius
505 2365 592 2420 tristia
603 2370 664 2420 exte
675 2370 701 2420 et
713 2367 837 2420 instantes
850 2365 953 2421 insidias
965 2384 995 2422 eo

204 2440 373 2496 domesticum
396 2441 497 2496 hostem
520 2442 643 2513 prodicit,
663 2443 782 2498 audiente
802 2443 904 2500 Othone
925 2445 995 2514 (nem

204 2519 335 2590 proximus
347 2518 501 2587 adstiterat)
510 2519 588 2590 idque
596 2530 626 2574 ut
638 2519 725 2575 loetum
738 2539 752 2577 e
764 2523 890 2578 contrario
902 2526 929 2578 et
940 2523 995 2578 suis

205 2595 405 2667 cogitationibus
428 2614 578 2667 prosperum
601 2598 793 2670 interpretante.
834 2600 891 2656 Neo
914 2600 1018 2658 multofl

205 2676 266 2744 post
287 2672 395 2728 libertus
419 2673 575 2729 Onomastus
597 2675 701 2730 nuntist
723 2677 866 2748 exspectari
884 2695 943 2734 eum
963 2679 995 2734 ab

205 2749 344 2806 arohiteeto
368 2754 395 2805 et
418 2750 637 2821 redemptoribus3
657 2772 713 2824 quse
732 2754 883 2826 significatio
904 2760 996 2809 oo'eun-

205 2830 269 2884 tium
288 2830 341 2901 jam
356 2830 467 2886 militum
482 2835 509 2886 et
525 2837 620 2904 paratoe
636 2835 818 2905 conjurationis
835 2843 994 2890 convenerat.

205 2908 290 2973 etho:
304 2926 406 2964 eausam
427 2909 557 2981 digressus
577 2911 774 2982 requirentibus,
795 2929 854 2966 eum
873 2911 922 2964 emi
946 2909 1017 2963 sibis

206 2985 300 3058 predia
310 2990 439 3043 vetustate
456 2991 582 3066 sospeota
590 3006 671 3058 eoque
683 2988 753 3058 prius
764 2985 920 3057 explormida
931 2986 994 3040 linr-
