2575 3592
300 411 348 466 296
505 437 509 448 ¹
588 419 591 424 '
622 417 772 465 unctius

299 527 576 599 ii,qu1basprsstant,
592 527 776 600 indignantur?
795 526 873 586 Quod
890 527 986 599 alligati
1001 527 1089 584 adala·
1145 587 1146 592 χ

299 606 368 660 tione
387 623 435 660 uec
453 604 634 675 imperantibus
655 623 767 676 uuquam
791 604 853 660 satis
873 605 939 660 servi
958 604 1087 672 videntur,

283 716 286 720 -
299 701 347 737 neo
357 681 429 737 nobis
441 683 503 737 satis
514 681 606 736 libori?
626 682 691 740 Quae
699 683 754 737 hmo
764 700 862 736 summa
873 699 959 736 eorum
972 684 1089 752 potentia

276 761 360 817 test?
386 760 496 813 Tantum
513 777 587 829 posse
597 758 683 814 liberti
700 759 789 814 solent.
824 758 869 814 Me
882 777 940 813 vero
953 760 1041 824 dalem,
1054 765 1088 815 ut
1145 757 1146 764 ’

299 836 422 908 Virgilius
432 837 476 901 ait,
488 838 581 900 Mara,
593 840 716 890 remotum
730 854 745 890 a
756 835 955 891 solicitudinibus
973 840 999 890 et
1017 837 1086 892 curis

299 917 326 968 et
337 913 487 968 necessitate
504 912 617 983 quotidie
633 912 727 984 aliquid
739 917 827 968 contra
842 913 952 966 animum
968 912 1085 980 faciendi,

298 990 326 1044 in
336 990 379 1044 illa
387 1008 458 1044 sacra
468 990 575 1060 illosque
582 990 667 1044 fontes
676 990 758 1044 ferant
768 1009 775 1054 ;
793 1007 840 1044 nee
851 989 967 1044 insanum
978 989 1045 1044 ultra
1056 995 1086 1046 et
1145 1055 1146 1066 χ

298 1066 423 1122 lubricum
434 1066 516 1121 forum
528 1067 669 1138 famamque
684 1065 819 1136 prdlentem
831 1066 945 1136 trepidus
959 1067 1083 1136 experiar.

276 1143 360 1197 tNon
382 1162 422 1198 me
439 1143 558 1198 fremitus
582 1143 746 1198 salutantium
770 1161 816 1198 uec
836 1143 954 1197 anhelans
977 1143 1083 1199 libertus
1145 1161 1146 1166 ¹

298 1220 392 1275 excitet
401 1243 409 1287 ;
433 1239 481 1278 neo
497 1221 608 1276 incertus
623 1220 705 1274 futuri
720 1222 900 1274 testamentum
916 1237 961 1290 pro
978 1220 1083 1291 pignore
1145 1287 1146 1290 Ἴ

282 1297 422 1363 Δεοήὶκὶῑιη
450 1316 497 1353 neo
520 1298 578 1368 plus
600 1297 706 1352 habeam
729 1314 802 1368 quam
827 1295 895 1367 qaod
917 1297 1017 1366 possim,
1041 1298 1084 1353 cui

297 1373 379 1441 velim,
399 1374 546 1446 relinquere,
569 1373 718 1444 quaudoque
737 1373 755 1443 †
774 1373 841 1428 enirn
861 1373 944 1428 fatalis
965 1378 992 1428 et
1012 1393 1083 1430 mous

297 1450 350 1506 dies
370 1452 470 1518 veniet3
488 1456 635 1522 statuarque
652 1450 751 1506 tumido
767 1468 819 1505 non
837 1455 939 1506 maestus
956 1456 983 1506 et
1001 1455 1084 1521 atrox,

296 1529 341 1584 sed
364 1529 449 1584 hilaris
473 1534 500 1584 et
523 1533 657 1583 coronatam
669 1548 677 1594 ;
703 1531 730 1582 et
754 1545 798 1598 pro
821 1527 942 1582 memoria
964 1528 1014 1583 mci
1036 1547 1085 1585 neo
1145 1527 1146 1584 3

297 1606 411 1660 consulat
423 1605 562 1677 quisquam,
574 1623 621 1660 nec
632 1605 731 1675 roget.’'

253 1690 289 1744 14
331 1682 443 1737 Vixdum
461 1683 560 1737 finierat
580 1682 722 1746 Maternus,
744 1681 885 1736 concitatus
904 1684 931 1736 et
951 1681 1022 1736 velut
1045 1683 1084 1738 iu·
1145 1691 1146 1694 ’

297 1750 413 1826 stiiactus,
434 1778 491 1814 cum
511 1759 651 1830 Vipstanus
672 1758 786 1813 Messala
805 1757 948 1813 cubiculum
971 1761 1025 1828 ejus
1046 1759 1084 1814 iu·

295 1854 398 1906 gressus
415 1839 463 1900 est,
483 1837 676 1907 suspicatusque
695 1855 727 1890 en
743 1835 799 1906 ipsa
815 1835 955 1890 intentione
973 1835 1083 1907 singulo·
1145 1839 1146 1844 ’

295 1931 360 1976 ram,
378 1912 492 1966 altiorem
508 1913 634 1968 intereos
653 1931 708 1968 esse
725 1930 873 1977 sennonem,
887 1911 979 1966 “Num
993 1931 1083 1983 parum

294 1989 485 2058 tempestivus.”
497 1989 587 2060 inquit,
601 1993 616 2019 “
625 1989 749 2044 interveni
765 1992 889 2044 secretum
907 1989 1038 2045 consilium
1055 1995 1082 2046 et

294 2083 376 2121 oausae
387 2065 493 2137 alicujus
504 2065 696 2122 meditationem
708 2066 875 2122 tractantibus
885 2066 913 2121 ?''

269 2151 285 2199 2
330 2143 467 2211 “Minime,
483 2143 703 2215 minime,’'inquit
724 2142 870 2210 Secundum
896 2145 996 2212 “atque
1017 2143 1080 2200 odeo

292 2219 381 2274 vellem
397 2221 521 2276 maturius
537 2221 733 2288 intervenisses3
756 2220 908 2275 delectissat
926 2221 993 2276 euim
1011 2224 1038 2276 te
1053 2228 1082 2277 ct

292 2297 356 2367 Apri
378 2298 460 2352 nostri
481 2298 683 2353 accuratissimus
701 2316 790 2362 semro,
809 2315 867 2352 oum
886 2297 1032 2352 Maternum
1050 2305 1082 2354 ut
1145 2301 1146 2310 ’

283 2391 365 2428 somne
381 2374 511 2446 ingenium
530 2393 560 2430 ac
580 2375 693 2430 studium
714 2393 788 2429 suum
808 2373 841 2428 ad
860 2391 949 2428 causas
970 2375 1081 2446 agendm
1145 2423 1146 2428 ,

292 2455 450 2506 converteret
467 2452 617 2506 exhortatos
633 2457 681 2516 est,
694 2455 721 2506 et
733 2450 845 2507 Materni
863 2469 908 2521 pro
927 2451 1080 2507 carminibus
1145 2481 1146 2496 ι

291 2527 344 2582 suis
364 2527 429 2593 laeta,
448 2534 528 2599 utque
546 2534 634 2600 politas
652 2528 753 2583 delendi
772 2527 885 2593 decebat,
904 2527 1037 2584 audentior
1052 2536 1080 2586 et
1145 2557 1146 2600 a

282 2610 422 2676 {poctarum
434 2624 508 2675 quam
520 2611 649 2660 oratorum
662 2605 765 2660 similior
776 2606 865 2660 oratio.
1145 2633 1146 2640 ¹

267 2698 283 2745 3
326 2683 392 2736 “Me
403 2681 488 2749 vero,”
499 2682 590 2754 inquit,
600 2688 650 2738 “et
667 2701 749 2737 sermo
763 2682 818 2754 ipse
833 2682 932 2738 infinita
948 2683 1081 2754 voluptate
1145 2705 1146 2710 ¹

291 2759 423 2824 affecisset,
434 2766 511 2830 atque
523 2759 550 2813 id
560 2759 644 2830 ipsum
657 2759 772 2826 delectat,
786 2759 854 2831 quod
865 2777 918 2825 vos,
929 2759 977 2816 viri
988 2761 1079 2832 optimi
1145 2783 1146 2832 ᾗ

290 2840 317 2890 et
334 2841 476 2906 temporum
493 2841 639 2890 nostrorum
655 2841 775 2902 oratores,
794 2855 845 2891 non
860 2837 1003 2892 forensibus
1021 2842 1079 2892 tao·
1145 2837 1146 2894 ἐ

289 2914 347 2967 tum
369 2913 477 2984 negotiis
502 2916 529 2968 et
556 2911 733 2968 declamatorio
760 2913 844 2968 studio
866 2914 969 2985 ingenia
991 2919 1078 2969 vestra
1145 2947 1146 2986 ᾗ

289 2989 421 3053 exercetis,
438 2989 483 3045 sod
499 2989 623 3060 ejusmodi
639 2989 717 3044 etiam
735 2989 918 3060 disputationes
936 2991 1075 3059 assumitis,
1145 3017 1146 3060 γ
