2575 3592
296 394 343 442 188
627 392 748 441 raom

924 453 1086 503 [nuens

295 504 392 559 salutis.
428 503 477 560 Sed
496 503 547 559 dno
565 502 657 558 itinera
675 503 799 569 sudendi3
823 521 870 558 seu
887 504 975 558 mallet
997 504 1089 557 statim

295 599 371 646 uma,
386 599 433 637 sen
447 581 529 653 petita
543 580 650 636 navibus
666 580 754 645 (ruffin
776 582 876 636 Ducem
895 598 923 635 se
940 579 1088 635 Vitellianis

274 657 447 713 texereitibus
459 656 611 713 ostenderet.
648 657 721 712 Nihil
732 658 765 712 ad
775 675 807 713 ea
822 660 892 711 moto
908 657 1013 721 Pisone,
1025 656 1090 710 Cen-

296 735 364 789 turio
376 753 391 789 a
403 734 523 789 Muciano
535 734 636 799 missua,
649 738 679 789 ut
691 738 795 805 portum
811 733 974 804 Carthaginis
990 733 1090 804 attigit,

297 830 389 883 magna
399 828 461 867 vooe
471 810 530 865 lata
546 810 634 866 Pisoni
649 811 741 875 omina,
759 815 880 881 tanquam
896 809 1021 880 Prinoipi
1032 826 1092 865 eon-

297 888 413 953 tinuare;
432 887 519 943 oorios
539 892 566 943 et
587 887 678 943 subite
697 888 735 943 rei
756 886 878 943 miraoulo
901 887 1038 951 monitos,
1060 891 1093 941 ot

276 963 385 1019 6eedem
405 962 585 1035 adstreperent,
603 964 707 1019 hortari
743 962 844 1035 Vulgus
859 963 1000 1028 credndum,
1017 981 1094 1018 ruere

297 1040 325 1095 in
336 1040 435 1095 forum:
453 1041 612 1111 praeentiam
624 1041 725 1095 Pisonis
742 1058 885 1111 exposoere.
921 1038 1026 1095 Gaudio
1042 1039 1095 1095 els-

297 1116 459 1188 moribusquo
474 1122 566 1173 enea
581 1118 729 1182 misoebont,
747 1117 906 1190 indiligentia
922 1116 1019 1172 veriet
1031 1115 1095 1170 adn·

300 1193 370 1249 landi
388 1193 498 1249 libidine.
533 1194 601 1259 Piso,
614 1194 707 1250 indicio
720 1195 833 1266 sagitte,
851 1194 893 1250 vel
903 1193 982 1249 insita
993 1192 1095 1247 modes

298 1271 343 1335 tia,
364 1288 416 1327 nou
438 1271 466 1327 in
488 1270 616 1342 publicum
639 1290 756 1343 egressus
780 1276 828 1338 eat,
847 1290 930 1343 neque
950 1289 979 1326 se
998 1268 1093 1325 studiis

279 1347 370 1421 7vulgi
390 1348 510 1419 permisit.
555 1348 785 1419 Centurionemque
806 1352 997 1417 pereunototua,
1023 1351 1094 1417 post

301 1444 382 1497 quom,
399 1426 532 1497 quaesitum
548 1424 596 1480 sibi
610 1425 706 1480 erimen
721 1427 872 1497 wdemquo,
888 1424 1023 1495 oomperit,
1042 1424 1095 1479 sni·

300 1503 425 1557 madverti
438 1502 465 1557 in
482 1521 540 1557 enm
551 1501 636 1573 jussit,
657 1501 727 1557 haud
743 1501 846 1573 perinde
862 1520 907 1572 spe
927 1502 996 1566 vite,
1019 1519 1095 1571 qnam

300 1577 648 1727 iffinperousstoreqqegaqod
662 1578 729 1668 ideni
740 1598 773 1633 ex
787 1577 1096 1710 mtefffffflfflffi

333 1672 392 1720 aori,
405 1674 483 1711 erueu
496 1674 523 1710 as
618 1673 763 1727 rsangunue
774 1674 864 1711 manns
1055 1672 1095 1709 ro·

281 1732 410 1789 Soonaulia
422 1732 558 1789 retulisset.
594 1734 680 1788 Anxie
696 1732 786 1788 deinde
801 1732 884 1789 edioto
901 1731 1095 1803 Carthaginien·

302 1808 371 1863 sibus
394 1809 533 1879 increpitis,
557 1826 589 1864 ne
613 1809 689 1865 solita
712 1810 814 1882 quidem
836 1810 924 1865 munia
944 1808 1095 1879 usurpabat,

302 1884 402 1939 ebusus
425 1885 492 1939 intra
515 1884 624 1951 domum,
648 1905 681 1942 ne
705 1906 755 1959 qna
772 1891 858 1943 motus
876 1886 936 1941 nori
955 1904 1037 1941 esnss
1056 1885 1099 1941 vel

259 1968 296 2022 50
304 1961 368 2016 forto
380 1961 497 2017 oriretur.
534 1962 591 2029 Sed,
604 1963 650 2019 nbi
661 1964 738 2019 Festo
754 1964 926 2020 oonsternatio
936 1962 1018 2035 vulgi,
1029 1963 1098 2019 Gen·

303 2038 411 2093 turionis
430 2038 587 2110 supplicium,
608 2058 718 2112 veraque
741 2046 768 2096 et
786 2040 857 2106 falsa,
875 2058 945 2095 more
962 2039 1047 2104 furore,
1072 2040 1099 2095 in

281 2116 383 2187 nmajas
399 2116 539 2183 innotuere,
551 2116 650 2187 equites
666 2118 694 2173 in
708 2134 796 2173 neoern
811 2118 912 2173 Pisonis
926 2116 1019 2171 mittit.
1056 2116 1100 2171 Illi

302 2194 396 2266 raptim
413 2194 488 2259 veoti,
504 2194 611 2251 obsonio
629 2195 712 2251 adhue
729 2202 818 2267 erepta
831 2196 902 2261 lueis,
917 2194 1023 2250 domurn
1035 2195 1100 2249 Pro·

303 2272 413 2327 oonsulis
431 2271 581 2343 irrumpunt,
600 2272 729 2329 destriotis
746 2273 853 2346 gladiis:
876 2277 904 2327 et
920 2290 1016 2343 magna
1031 2290 1098 2344 pars,

303 2348 404 2403 Pisonis
424 2348 513 2420 ignari,
533 2348 601 2421 quod
619 2350 713 2405 Poenos
736 2351 870 2406 auxiliares
892 2349 1053 2419 Maurosque
1072 2348 1099 2403 in

304 2442 360 2479 eam
381 2424 476 2480 eadem
495 2424 630 2497 delegerat,
650 2426 719 2481 haud
741 2426 830 2498 proonl
848 2424 973 2489 eubiculo,
993 2424 1099 2481 obvium

304 2500 371 2554 forte
382 2518 490 2566 servum,
503 2503 618 2573 quisnam
629 2507 657 2557 et
668 2503 713 2558 nbi
724 2508 792 2559 esset
801 2503 880 2558 Piso?
898 2502 1098 2572 interrogavere.

281 2576 398 2640 aberras
415 2578 516 2648 egregio
531 2578 668 2645 mendacio,
686 2598 714 2635 se
731 2580 851 2635 Pisonem
865 2597 929 2643 ease,
947 2577 1098 2648 respondit:

304 2671 334 2709 ao
353 2652 440 2707 statim
459 2654 631 2711 obtrnneatur.
668 2656 725 2711 Neo
744 2657 825 2712 multo
845 2659 904 2727 post
922 2655 983 2709 Piso
1000 2654 1100 2709 interd·

304 2731 380 2785 eitur.
416 2730 531 2799 Namque
548 2731 642 2797 aderat,
660 2733 704 2803 qui
718 2737 843 2799 noseeret,
859 2732 955 2788 Bobius
973 2731 1099 2795 Missae

304 2805 516 2862 Procuratoribus
538 2808 639 2874 Africa,
660 2809 713 2879 jam
736 2814 799 2865 tune
821 2811 919 2881 optimo
941 2807 1035 2879 cuique
1054 2826 1098 2863 ex·

306 2882 406 2947 itiosus,
418 2888 445 2939 et
456 2882 483 2937 in
495 2900 582 2937 musas
594 2885 726 2951 malorum,
739 2906 795 2957 qna
805 2904 867 2941 mox
878 2885 992 2949 tulimne
1007 2886 1098 2955 sepina

282 2958 443 3022 eruditurus.
477 2957 570 3013 Festus
588 2960 737 3027 Adrumeto,
753 2962 799 3018 ubi
815 2961 1023 3035 speculabundus
1037 2960 1099 3017 sub·
