2575 3592
302 422 350 470 212
636 421 760 470 TACITI
1006 430 1009 435 '

936 482 1098 533 [aucam.

301 533 414 607 quaesitis
427 532 471 607 qui
482 533 510 589 in
521 534 632 589 Pontum
648 535 786 600 meterent,
798 532 930 605 cognoscit
946 533 1037 589 urbem
1049 533 1101 588 illic

302 614 420 684 Sinopen,
432 630 479 667 nec
490 611 580 683 procul
593 611 727 683 templum,
738 616 825 667 vetere
837 612 904 666 inter
915 610 1016 665 accolas
1025 611 1101 677 fama,

300 691 372 746 Jovis
391 690 476 745 Ditis:
495 708 604 762 namque
622 694 650 745 et
669 689 818 744 muliebrem
836 688 945 759 effigiem
965 687 1100 753 adsistere,

276 779 376 840 Aquam
396 768 508 839 plerique
529 766 708 837 Proserpinam
728 770 829 821 vocent
864 765 916 820 Sed
936 765 1100 829 Ptolemaeus,

299 850 330 900 ιιι
355 850 416 901 sunt
440 844 542 916 ingenia
566 862 664 917 regum
689 861 785 915 pronus
810 842 844 898 ad
867 842 1037 908 formidinem,
1055 843 1102 897 ubi

299 923 422 978 securitas
436 921 520 987 rediit,
533 922 695 993 voluptatum
709 940 785 993 quam
799 921 951 992 religionum
966 927 1100 993 appetens,

298 1000 428 1073 negligere
445 1000 574 1071 paulatim,
594 1000 706 1071 aliasque
722 1000 755 1055 ad
770 1018 845 1055 curas
861 998 974 1053 animum
990 1000 1099 1065 vertere,

299 1078 379 1133 donee
391 1077 477 1133 eadem
490 1078 587 1149 species
596 1077 734 1133 terribilior
743 1077 796 1149 jam
804 1081 832 1132 et
843 1077 980 1132 instantior
992 1077 1101 1132 exitium

277 1156 349 1227 bipsi
366 1174 495 1227 regnoque
511 1154 682 1220 denuntiaret,
694 1155 722 1209 ni
736 1158 810 1225 jussa
824 1159 997 1226 patrarentur.
1033 1156 1101 1211 'lum

300 1234 398 1305 legatos
408 1237 434 1288 et
446 1232 512 1287 dona
521 1232 725 1305 Scydrothemidi
733 1232 788 1303 regi
799 1233 832 1302 (is
841 1236 906 1287 tune
915 1232 1101 1303 Sinopensibus

298 1310 479 1382 imperitabat)
490 1310 605 1381 expediri
611 1310 701 1382 jubet;
718 1308 890 1381 precepitque
897 1309 1059 1381 navigaturis
1070 1314 1099 1364 ιι

276 1388 435 1461 fiPythieum
446 1388 587 1460 Apollinem
598 1387 697 1442 adeant.
734 1387 789 1442 Illis
801 1405 871 1441 mare
882 1386 1032 1455 secundnm,
1045 1405 1100 1443 sors

298 1466 394 1522 oraculi
413 1465 482 1521 baud
505 1465 637 1537 ambigua:
659 1465 760 1528 “irent
783 1462 996 1536 simulacrumque
1017 1466 1100 1536 patris

254 1544 292 1597 84
299 1544 339 1599 sui
351 1544 509 1609 reveherent,
529 1542 623 1598 sororis
639 1542 838 1613 relinquerent.''
873 1542 913 1596 Ut
931 1542 1047 1613 Sinopen
1058 1561 1099 1597 ve·

298 1640 367 1687 nere,
386 1640 499 1687 munera,
524 1638 620 1693 preces,
642 1618 763 1674 mandata
785 1619 853 1691 regis
877 1617 918 1673 sni
942 1619 1100 1689 Scydrothe-

298 1698 362 1753 midi
381 1698 499 1770 allegant.
536 1698 695 1757 (universus
711 1695 789 1751 enimi
809 1694 884 1751 modo
898 1714 995 1751 numen
1008 1714 1099 1768 pares

299 1794 363 1841 cere,
377 1775 452 1829 modo
464 1774 540 1830 minis
552 1774 710 1829 adversantis
722 1772 810 1845 populi
821 1773 911 1828 terreri
918 1796 926 1840 ;
945 1792 1015 1845 saepe
1024 1775 1099 1830 donis

276 1852 482 1924 2promissisque
508 1851 651 1924 legatorum
676 1850 834 1907 flectebatur.
882 1853 969 1923 Atque
993 1852 1099 1908 interim

298 1929 409 1985 triennio
429 1932 527 1995 exacto,
549 1929 704 1985 Ptolemoens
724 1946 777 1982 non
796 1927 918 1995 studium,
933 1946 988 1983 non
1006 1947 1098 2001 preeea

298 2007 361 2065 omit
350 2012 424 2062 ttere
467 2006 628 2079 Dignitatem
651 2006 801 2094 legatorum,
824 2023 957 2060 numerum
984 2008 1097 2067 nauium,

275 2085 355 2141 sauri
372 2083 471 2157 pondus
496 2084 614 2155 augebat.
593 2084 716 2139 t'l‘um
736 2084 823 2137 minax
839 2082 917 2138 iacias
938 2083 1097 2155 Scydrothe-

297 2162 359 2219 midi
371 2162 484 2229 offertur,
496 2179 529 2217 ne
541 2160 670 2217 destinata
680 2160 728 2215 deo
739 2159 809 2214 ultra
825 2163 975 2215 moraretur
1013 2162 1098 2217 Cune

296 2245 395 2296 tentem
413 2240 483 2296 varia
499 2238 634 2328 pernicies,
654 2237 786 2309 morbique
806 2240 833 2292 et
853 2237 990 2293 manifesta
1010 2219 1145 2295 creles-l

296 2317 381 2372 tium'
373 2336 419 2386 rra,
434 2316 585 2405 graviorque
603 2316 631 2370 in
647 2314 701 2370 dies
717 2314 850 2386 fatigabat.
886 2313 1022 2371 Advocato
1037 2334 1097 2372 oon·

296 2394 369 2450 oione
384 2398 460 2465 jussa
477 2393 597 2459 numinis,
619 2410 679 2447 suos
699 2391 880 2480 Ptolemoeiqne
901 2392 982 2458 risus,
1006 2393 1096 2465 ingru-

274 2476 341 2529 sent
342 2471 366 2525 ia
329 2470 449 2525 tmala
465 2471 577 2543 exponit.
613 2470 716 2541 Vulgus
735 2469 846 2524 aversari
865 2488 960 2541 regem,
980 2470 1095 2526 inuidere

297 2548 413 2619 AEgypto
415 2590 421 2613 ,
398 2548 548 2603 osibit
496 2552 548 2603 met
549 2566 609 2603 uere
621 2547 795 2619 templumque
807 2546 999 2603 circumsedere.
1037 2549 1096 2603 lla-

292 2627 336 2694 jor
362 2624 421 2677 hine
444 2626 512 2679 fama
535 2624 649 2689 tradidit,
673 2624 749 2679 deum
773 2624 858 2695 ipsum
882 2624 1001 2695 appulsae
1026 2625 1095 2681 litori

296 2719 374 2755 naves
392 2705 484 2770 sponte
501 2700 684 2757 conscendisse.
720 2700 818 2755 Mirum
841 2700 901 2756 inde
918 2701 997 2770 dictu,
1016 2704 1094 2757 tertio
1142 2721 1143 2752 ι

297 2777 338 2832 (ιιι
364 2780 466 2831 tantum
492 2778 568 2832 maris
594 2777 692 2832 emensi
717 2777 896 2833 Alexandriam
923 2778 1092 2850 appellantur

275 2854 429 2924 oTemplum
447 2870 493 2922 pro
513 2860 610 2924 magnit
591 2854 688 2909 tudine
708 2854 779 2909 urbis
798 2860 959 2911 exstructum
978 2856 1036 2912 loeo
1052 2858 1093 2912 cui
1142 2831 1143 2900 l

296 2948 389 2984 nomen
399 2928 532 2984 Rhacotis.
567 2930 662 2987 Fuerat
677 2932 729 2986 illie
746 2932 866 2987 sacellum
883 2933 1000 3005 Serapidi
1016 2941 1091 3005 atque
1142 2941 1143 2978 ι

317 3006 422 3061 idit
378 3010 422 3059 ant
422 3004 488 3077 iquit
489 3024 519 3060 us
535 3011 669 3063 sacratum
705 3008 771 3064 Hiec
782 3008 814 3065 de
830 3010 929 3081 origine
939 3014 967 3066 et
983 3010 1089 3067 advectu
