2575 3592
177 489 204 525 Α
215 484 291 532 1).er
356 424 607 475 HISTORIARUM
624 425 655 474 V.
676 428 777 473 12-150
922 430 970 481 228

177 535 250 591 virile
267 554 297 591 εε
314 535 434 593 muliebre
451 555 532 605 aecus,
550 541 673 593 manente
688 536 768 593 millia
784 537 864 593 iuiaae
875 540 971 610 nesapi-

176 631 243 669 rnus.
278 614 358 669 Arma
369 614 467 673 eunetis
479 614 524 685 qui
535 613 601 669 terre
612 620 716 684 possent
727 635 735 680 ;
751 620 779 669 et
798 615 883 687 plnres
895 626 994 687 quame

176 708 226 763 ρτρ
237 708 341 749 numero
354 692 487 747 audebant
517 691 583 747 Obst
584 691 637 747 inat
638 691 734 747 invitia
747 692 897 765 feminisque
909 712 971 765 ρετ,

178 768 250 823 aesi
269 768 407 825 transferre
427 767 500 825 sedes
521 774 641 843 cogerent
642 788 680 833 ετ,
702 773 784 839 major
805 771 864 827 ritae
887 777 972 827 metus

177 863 254 916 quam
265 846 363 901 mortis.
399 846 475 901 Hane
487 833 607 901 adversus
619 846 708 901 urbem
719 851 874 919 gentemque
886 848 973 903 Cesar

177 923 262 987 litus,
280 922 380 1011 quando
394 906 508 1011 impetus
526 928 553 977 et
541 922 639 977 tsubit
628 928 656 978 ta
672 922 733 979 belli
749 923 821 979 loeus
839 925 971 991 abnueret,

178 999 315 1071 aggeribus
334 1000 464 1071 vineisque
477 1007 619 1057 certaret
594 1000 695 1056 statuit.
732 1000 890 1059 Dividuntnr
909 1002 971 1075 legi
979 1010 994 1057 6

178 1078 270 1133 onibus
287 1078 382 1147 munia,
400 1083 427 1132 et
445 1079 515 1149 quies
537 1079 751 1149 preliommt
701 1078 751 1133 fuit
752 1121 759 1143 ‚
781 1079 862 1137 donee
881 1088 973 1137 cuneta

178 1153 355 1226 expugnandis
376 1154 481 1211 urbibus
504 1164 606 1227 reperta
625 1154 695 1227 apud
715 1161 815 1212 veteres
834 1162 880 1213 eut
901 1158 973 1216 novis

178 1233 288 1303 ingeniis
301 1237 467 1287 struerentur.

215 1311 253 1365 le
262 1308 358 1374 Civilis,
377 1315 435 1385 post
447 1309 537 1365 malam
553 1308 581 1365 in
592 1310 709 1365 Treveris
721 1328 842 1382 pugnam,
855 1315 973 1382 reparato
983 1314 1018 1369 14

180 1405 227 1459 ρετ
244 1387 404 1443 Germaniam
420 1387 536 1443 exercitu
551 1386 619 1457 apud
636 1387 733 1443 Vetera
749 1395 834 1443 eastra
851 1389 973 1455 eonsedit,

180 1468 255 1520 tutus
273 1462 336 1529 loeo,
350 1468 375 1519 et
393 1468 423 1519 ετ
440 1464 561 1519 memorie
576 1482 755 1534 prosperarum
771 1465 823 1520 illie
835 1484 918 1521 reruni
930 1484 974 1522 au·

180 1545 315 1613 geseerent
331 1540 493 1597 barbarorum
511 1541 595 1597 animi.
633 1542 742 1597 Secutus
759 1547 800 1597 est
816 1542 905 1606 eudem
926 1543 997 1599 Cel

180 1619 259 1685 rinlis,
277 1618 410 1690 duplicatis
431 1619 510 1690 eopiis
531 1618 643 1675 adventu
661 1619 778 1677 secunda
799 1625 826 1675 et
847 1626 926 1676 sextae
947 1626 975 1676 et

182 1701 279 1768 quarta
299 1696 401 1753 decium
424 1696 559 1765 legionum.
597 1696 773 1767 Cohortesqne
796 1705 825 1752 et
848 1697 902 1765 ela,
921 1698 975 1769 jann

180 1773 280 1845 pridem
296 1774 391 1841 annitar,
407 1780 466 1845 post
484 1773 615 1829 viatorium
633 1778 838 1846 properaverant.
874 1776 998 1834 Neutert

181 1852 275 1907 dunum
299 1857 441 1908 eunetstor.
489 1850 540 1905 Sed
568 1851 671 1907 arcebat
696 1852 805 1909 latitudo
828 1870 975 1924 camporum

181 1930 306 2001 suopte
299 1930 402 2003 ingenio
426 1928 539 1985 hument'
519 1932 592 1985 t.1um
636 1929 778 1985 Addiderat
802 1930 891 1987 Ciuilis
914 1929 974 1985 obli·

182 2026 258 2077 quam
270 2008 297 2063 in
309 2007 430 2063 Rhenum
440 2006 539 2085 molem,
551 2011 625 2077 eujus
637 2007 741 2078 objeetu
751 2008 882 2064 revolutus
894 2007 975 2063 amnis

182 2085 356 2155 adjeeentibna
374 2072 607 2173 superfunderetur.
646 2086 685 2139 Ea
701 2085 751 2141 luci
766 2086 854 2152 forma,
871 2085 999 2144 noertna

183 2162 255 2221 radis
267 2162 373 2217 subdola
383 2167 410 2217 et
422 2150 494 2217 nobis
507 2160 628 2217 adversa:
647 2162 741 2233 quippe
755 2162 828 2217 miles
844 2162 975 2216 Romanus

184 2239 260 2295 armis
280 2240 364 2311 gravia
383 2243 410 2294 et
429 2238 507 2294 nandi
525 2238 648 2309 pavidns;
667 2238 813 2303 Germanos,
829 2237 975 2293 fluminibus

179 2322 279 2382 suetos,
291 2316 381 2371 levitas
396 2332 524 2371 murorum
535 2320 562 2370 et
575 2315 712 2385 proceritas
728 2332 861 2403 eorpornrn
873 2314 974 2371 attellit.

183 2395 277 2467 igitur,
296 2378 478 2449 lmessentibus
498 2392 610 2457 Batavis,
618 2386 788 2448 ferocissimo
807 2392 898 2462 euiqne
916 2395 1019 2450 nosl5

183 2476 283 2527 trorum
294 2476 406 2543 eoeptnm
418 2476 472 2527 cert
473 2488 561 2536 amem
580 2469 670 2524 deinde
686 2483 743 2523 orta
759 2468 973 2540 trepidaturum

184 2550 295 2620 praealtis
316 2548 449 2619 paludibus
473 2566 542 2603 arma
565 2546 624 2618 equi
647 2546 819 2601 haurirentur.
855 2548 972 2605 Germani

184 2626 253 2681 notia
271 2626 342 2683 vadis
359 2625 542 2699 persultabant,
557 2625 650 2679 omissa
665 2622 814 2695 plerumque
829 2624 921 2689 fronte,
937 2626 974 2680 lu·

184 2708 241 2784 tera
257 2722 285 2759 ue
301 2712 375 2786 targa
391 2702 624 2759 circumvenientes
661 2701 753 2772 Neque
768 2701 845 2757 utin
860 2702 950 2773 pedest
952 2703 996 2757 riu

184 2773 246 2839 anie
265 2774 378 2829 eominus
396 2772 494 2828 eminus
512 2778 566 2828 cert
555 2771 674 2837 t3abstur
693 2770 738 2826 sed
755 2776 874 2843 tunquam
891 2772 999 2827 navali

184 2868 280 2939 pugna,
292 2851 351 2922 regi
366 2852 405 2905 int
405 2869 433 2905 er
393 2848 587 2905 ttundaa
543 2854 595 2915 εετ,
609 2866 631 2903 ετ
624 2814 705 2919 'quiid
715 2848 806 2903 stabile
818 2847 972 2914 oeeunebat,

185 2928 248 2984 totis
264 2928 317 2983 illie
331 2924 521 2998 cerporibus
496 2931 615 2994 nitentes,
634 2925 760 2981 vulnerati
739 2930 839 2981 teum
858 2924 973 2997 integris,

185 3006 261 3079 periti
272 3005 350 3061 nandi
361 3024 418 3061 eum
430 3005 524 3077 ignaris
536 3004 564 3061 in
575 3008 692 3059 mutuam
710 3003 845 3075 perniciem
863 3000 975 3073 impliea·

1141 2959 1143 3044 τ

1039 3195 1142 3265 a
