2575 3592
305 424 352 473 198
639 424 758 474 Taum

934 489 969 536 [a.
980 487 1010 526 n.
1019 488 1044 525 c.
1053 483 1099 526 aaa

304 553 374 606 gens,
394 534 477 590 missia
495 534 594 607 legatis,
614 536 734 591 mandata
757 536 825 608 apud
847 536 982 592 concilium
1003 537 1101 607 Agrip-

304 612 446 682 pinensium
464 612 505 667 edi
522 612 631 683 jubent:
657 633 714 685 qnae
733 614 904 670 ferocissimus
924 613 1055 684 elegatis
1072 614 1102 666 in

282 689 371 745 2huue
382 690 484 745 modum
495 690 601 760 protulit
610 694 670 745 :-“
678 691 785 746 Redisse
793 709 839 745 vos
850 691 878 745 in
886 709 979 761 corpus
991 708 1101 744 nomen·

304 785 353 837 que
366 767 512 831 Germaniae,
525 768 699 823 communibus
714 769 776 823 Deis
794 772 821 823 et
832 768 960 838 precipuo
970 768 1100 830 Deorum.

303 842 391 907 Marti,
422 847 507 911 grates
538 844 652 915 agimus:
684 844 805 916 vobisque
835 844 1002 915 gratulamur,
1026 842 1100 914 quod

303 918 406 973 tandem
419 919 491 974 liberi
506 919 574 975 inter
590 920 682 976 liberos
698 921 777 976 eritis.
813 921 881 975 Nam
894 920 1011 974 adhunc
1028 920 1099 975 diem

303 996 406 1049 flumina
422 1014 451 1051 ac
468 1001 549 1051 terras
566 1001 592 1052 et
608 998 697 1053 caelum
718 996 901 1069 quodammodo
918 996 1006 1067 ipsum
1028 996 1100 1051 clau·

304 1076 389 1127 serant
413 1073 535 1128 Romani:
566 1080 596 1127 ut
619 1075 746 1146 colloquia
767 1091 968 1145 congressusque
993 1077 1099 1127 nostram

304 1155 431 1204 arcerent:
451 1150 498 1215 vel,
519 1152 587 1222 quod
605 1152 811 1206 contumeliosius
834 1155 875 1206 est
891 1150 953 1205 viris
972 1150 1008 1204 ad
1026 1169 1099 1205 arma

303 1225 377 1291 natis,
401 1226 509 1283 inermes
533 1246 562 1284 ac
582 1246 661 1298 prope
680 1228 750 1295 nudi,
771 1228 819 1282 sub
838 1226 943 1282 custode
959 1231 989 1281 et
1012 1228 1098 1298 pretio

277 1302 433 1361 3coiremus.
481 1304 538 1368 Sed,
568 1309 599 1359 ut
628 1305 739 1360 mnicitia
767 1305 926 1375 societasque
948 1308 1042 1358 nostra
1070 1304 1097 1358 in

304 1382 426 1434 aeternum
443 1384 499 1435 rata
514 1381 556 1446 sit,
575 1382 733 1451 postulamus
751 1401 767 1436 a
783 1381 863 1449 vobis,
878 1399 964 1435 muros
982 1380 1095 1447 colonia,

303 1457 458 1512 munimenta
476 1458 579 1523 servitii,
600 1458 754 1513 detrahatis:
780 1459 869 1527 (etiam
891 1458 947 1512 iera
968 1457 1094 1523 animalia,

304 1532 326 1586 si
338 1533 422 1589 clausa
433 1545 527 1600 teneas,
540 1536 643 1590 virtutis
662 1535 847 1591 obliviscuntur
855 1535 874 1604 ι)
893 1535 1024 1589 Romanos
1043 1552 1096 1588 om-

303 1626 348 1664 nes
369 1610 396 1665 in
416 1611 507 1667 finibus
525 1613 616 1668 vestris
636 1612 789 1678 trucidetis3
805 1612 874 1666 haud
894 1611 967 1666 facile
989 1610 1095 1665 libertas

282 1689 331 1740 set
350 1686 444 1742 domini
460 1688 604 1744 miscentur.
640 1690 715 1743 Bona
727 1689 920 1743 interfectorum
935 1688 963 1742 in
981 1687 1094 1743 medinm

304 1762 402 1831 cedant,
432 1782 464 1819 nc
494 1765 550 1836 quis
579 1766 694 1821 occulere
724 1765 860 1837 quidquam
884 1773 928 1819 aut
957 1782 1095 1835 segregare

304 1857 404 1895 causam
417 1859 488 1895 suam
500 1842 588 1912 possit.
624 1844 715 1897 Liceat
732 1842 805 1897 nobis
822 1841 945 1913 vobisque
958 1848 1094 1913 unamque

305 1915 383 1985 ripam
407 1916 495 1984 colere,
519 1922 549 1973 ut
575 1919 634 1973 olim
660 1920 797 1990 majoribus
820 1920 922 1974 nostris
956 1918 1095 1977 Quomodo

303 1992 385 2047 lucem
403 1992 518 2065 diemque
539 1996 655 2051 omnibus
675 1996 834 2062 hominibns;
852 1997 891 2050 ita
906 2013 994 2050 omnes
1010 1999 1094 2050 tems

282 2069 411 2125 oforlibus
437 2070 497 2126 viris
526 2077 619 2127 natura
648 2074 754 2144 aperuit.
790 2073 916 2127 Instituta
945 2072 1094 2143 cultumque

303 2148 413 2223 patrium
447 2149 574 2214 resumite,
605 2149 637 2205 ab
673 2151 756 2221 ruptis
785 2149 969 2221 voluptatibus,
1000 2149 1092 2220 quibus

303 2222 413 2280 Romani
430 2225 487 2295 plus
508 2226 628 2281 adversus
648 2226 786 2298 subjectos,
803 2246 879 2298 quam
896 2227 980 2293 armis,
997 2226 1091 2281 valent

305 2300 422 2357 Sincerus
434 2306 460 2357 et
472 2302 570 2373 integer
582 2307 608 2357 et
620 2304 751 2358 servitum
767 2303 863 2358 oblitus
874 2302 991 2374 populus,
1002 2309 1049 2359 aut
1059 2322 1092 2359 ex

258 2370 296 2428 65
304 2394 375 2447 oequo
395 2379 483 2450 agetis,
505 2386 550 2433 aut
573 2380 627 2434 aliis
644 2380 847 2451 imperitahitis.'’
883 2379 1090 2451 Agrippinenses,

303 2457 404 2522 sumpto
420 2456 578 2511 consultandi
594 2456 683 2527 spatio,
700 2457 799 2528 quando
815 2476 897 2528 neque
908 2456 994 2511 subire
1005 2456 1091 2511 condi-

303 2528 385 2583 tiones
408 2537 491 2587 metus
514 2533 603 2598 futuri,
628 2552 711 2605 nsque
734 2534 816 2604 palam
833 2533 962 2605 aspernari
979 2534 1091 2589 conditio

282 2612 421 2674 2praesena
438 2607 542 2675 sinebat,
560 2610 587 2664 in
602 2610 671 2665 hunc
682 2610 785 2665 modum
799 2610 962 2681 respondent.
1000 2611 1090 2670 “Qnae

303 2680 383 2749 prima
394 2681 518 2738 libertatis
531 2686 637 2740 facultas
653 2686 712 2741 data
724 2694 771 2752 est,
784 2687 883 2743 avidius
895 2705 968 2758 quam
982 2688 1090 2754 cautius,

304 2756 463 2826 sumpsimus,
487 2765 516 2813 ut
540 2761 610 2815 vobis
640 2764 788 2835 caterisque
817 2764 954 2829 Germanis,
984 2782 1090 2820 consau-

304 2831 402 2900 guineis
425 2834 526 2898 nostris,
548 2838 722 2907 jungeremur.
769 2840 861 2895 Muros
885 2840 1004 2905 multatis,
1029 2860 1090 2896 oon-

303 2908 466 2976 gregantibus
485 2927 512 2963 se
529 2928 587 2964 oum
607 2914 714 2968 maxime
734 2916 908 2971 Romanorum
927 2917 1086 2985 exercitibus,

281 2990 395 3050 tangere
417 2984 498 3051 nobis,
523 3004 598 3057 quam
620 2987 727 3057 fflrnere
752 2993 834 3048 tutius
857 2998 906 3051 est
942 2993 970 3049 Si
988 2994 1033 3064 qui
1052 3013 1088 3051 ex
