2575 3592
392 647 425 706 C.
449 644 710 706 CORNELII
751 643 936 702 TAOITI

426 819 473 871 AB
491 816 646 872 EXOESSU
664 816 744 870 DIVI
763 815 916 870 Anatisnt

278 977 1073 1071 HISTORIARUM

503 1155 617 1211 LIBER
634 1155 835 1222 SECUNDUS.

256 1461 269 1514 1
314 1446 529 1518 Sunonnurjam
549 1445 703 1502 fortunam
727 1447 826 1503 diversa
849 1450 957 1518 partet
958 1464 1075 1502 arrarum
1149 1481 1150 1502 ι

279 1524 353 1580 initia
370 1543 509 1601 causasque
527 1523 639 1594 imperio,
660 1525 728 1596 quod
745 1525 815 1580 varia
832 1531 902 1580 sorte
924 1523 1011 1580 laetum
1035 1523 1076 1578 rei
1149 1509 1150 1568 l

280 1601 387 1672 publicae
411 1606 457 1656 aut
480 1605 561 1679 atrox,
590 1601 653 1684 ipsis
676 1601 832 1676 prineipibus
855 1619 1003 1673 prosperum
1027 1603 1076 1656 aut

258 1682 422 1741 aeuitiot
371 1681 430 1735 fuit.
466 1681 508 1735 ult
497 1684 540 1734 ιιιι
549 1669 743 1752 Vespasianuse
755 1681 773 1734 J
774 1681 852 1747 udaea,
862 1681 982 1736 ineolumi
991 1679 1077 1736 adhue

282 1747 369 1847 Galba,
383 1757 475 1812 missus
487 1762 586 1828 epatre
598 1776 700 1812 eausam
712 1777 757 1829 pro
759 1758 810 1812 fleo
807 1759 875 1812 iouis
892 1758 999 1812 officium
1012 1776 1078 1829 erga

281 1836 419 1906 prinoipem
444 1837 471 1888 et
494 1841 620 1902 maturam
643 1839 687 1906 pet
676 1835 760 1890 tendis
785 1833 950 1890 honoribus
941 1839 1078 1909 juventam

260 1911 387 1974 arftereba.
424 1892 576 1981 Sedrulgris
593 1911 706 1982 fingendi
722 1911 822 1966 avidum
842 1913 994 1984 disperserat
1011 1911 1078 1966 acei-

282 1994 338 2043 tum
357 1989 385 2043 in
408 1987 577 2076 adoptionem.
612 1989 725 2042 Materia
748 1989 906 2044 sermonibus
930 1987 1030 2044 senium
1048 1997 1079 2043 et
1149 1983 1150 2056 l

283 2066 349 2122 orbit
338 2071 378 2120 ιιι
390 2065 511 2136 principis
523 2069 550 2118 et
561 2065 739 2136 intemperant
732 2085 757 2120 ιι
774 2067 851 2120 civita
836 2067 892 2132 ιιιι,
851 2067 991 2121 tdouee
1006 2083 1078 2120 unus

260 2145 399 2215 aeligatur,
410 2142 504 2197 multos
513 2141 662 2197 destinandi.
700 2143 819 2214 Augebat
832 2144 923 2198 famam
933 2143 1013 2214 ipsius
1023 2142 1079 2197 Titi

283 2221 413 2292 ingenium
425 2223 626 2291 quantaecunque
638 2219 748 2274 fortunae
764 2239 850 2291 capax,
865 2220 940 2275 decor
952 2219 1002 2274 oris
1016 2237 1079 2275 oum
1149 2221 1150 2280 i

284 2298 391 2369 quadam
414 2297 556 2369 majestate,
575 2315 703 2367 prosperae
726 2297 877 2368 Vespasiani
895 2316 942 2362 res,
962 2315 1080 2368 praesage
1149 2289 1150 2350 l

284 2393 412 2445 responsa,
426 2379 460 2439 et,
473 2374 600 2429 inclinatis
617 2373 650 2427 ad
666 2372 817 2428 eredendum
836 2374 934 2438 ιιιιιιιιι,
947 2373 1003 2428 loeo
1015 2373 1081 2428 omi·
1149 2365 1150 2400 3

262 2466 344 2512 onum
357 2451 433 2506 etiam
444 2452 558 2506 fortuita
595 2450 647 2505 Ubi
661 2451 778 2514 Corinthi
794 2451 896 2506 Achaiae
915 2450 977 2522 urbe
992 2453 1081 2516 certos

285 2529 388 2584 nuntios
401 2529 498 2598 aceepit
510 2528 541 2582 de
553 2528 660 2582 interitu
679 2527 772 2593 Galbae,
786 2532 812 2582 et
829 2526 934 2582 aderant
947 2527 991 2599 qui
1007 2545 1082 2582 arma
1149 2515 1150 2580 ι

284 2605 384 2661 Vitellii
407 2604 550 2674 bellumque
573 2605 734 2670 affirmarent,
760 2604 850 2659 anxius
874 2605 964 2674 animo,
991 2603 1082 2676 paneis
1149 2645 1150 2678 ι

264 2684 423 2740 damieorum
447 2681 574 2746 adhibitis,
599 2687 692 2736 cuneta
714 2701 731 2735 ιι
733 2682 848 2812 trinquet
858 2682 1004 2752 perlustrat
1051 2681 1084 2736 Si

286 2763 404 2831 pergeret
421 2758 449 2811 in
465 2757 562 2822 urbem,
580 2759 675 2813 nullam
694 2759 767 2812 officii
791 2763 899 2830 gramm
922 2757 951 2812 in
974 2757 1084 2814 alterius

286 2837 407 2890 honorem
420 2839 523 2904 suscep
524 2853 551 2899 1
569 2852 599 2888 ao
616 2853 644 2889 se
662 2836 709 2890 Vit
711 2835 802 2890 ellio'
782 2854 835 2890 srve
854 2835 949 2890 Othoni
966 2833 1085 2891 obsidem

266 2921 280 2970 t
289 2914 349 2967 lore
387 2912 432 2966 Sin
444 2911 545 2976 rediret,
559 2911 679 2966 offensam
696 2912 764 2967 haud
782 2912 923 2967 dubiam'
900 2916 952 2966 vict
944 2913 1012 2978 oris,
1026 2911 1086 2977 sed,
1149 2911 1150 2944 ³

289 2990 386 3044 incerta
402 2987 485 3044 adhue
502 2987 653 3043 victoriat
626 2993 653 3042 et
671 2989 851 3044 eoncedente'
798 2995 871 3044 ιιιι
892 2994 949 3061 part
950 3009 977 3044 es
998 2993 1086 3061 patre,
