2575 3592
305 366 351 413 184
634 366 756 413 raeiri

937 424 1036 463 amo.
1060 425 1097 463 aa.

280 490 376 546 oposse
395 474 541 530 universum
561 474 681 531 Senatum
705 494 757 530 nna
776 493 838 529 roeo
860 427 983 529 subviarti
1022 426 1098 532 thi-

301 559 367 620 nete‚
385 553 475 607 Patres
492 554 635 623 conscripti,
651 558 678 608 et
695 559 821 607 reservate
835 552 962 606 bominem
977 557 1036 605 tam
1053 570 1098 606 ex-

250 670 252 679 .
300 630 380 701 pediti
391 630 496 694 consilii,
511 634 541 684 ut
555 630 636 685 omnis
652 636 714 685 atas
731 630 857 683 instruatu
870 628 913 696 sit,
924 634 952 682 et
966 628 1098 698 quomodo

300 726 373 761 senes
393 706 474 761 nostri
497 706 654 772 Marcellum,
679 707 805 777 Crispum,
825 706 931 777 juvenes
956 705 1099 777 Regulum,

279 784 438 841 limitentur.
485 780 589 838 Invenit
613 786 691 839 etiam
721 782 823 838 emulos
852 782 941 837 infelix
969 783 1097 853 neqrritia

300 860 371 919 Quid
383 860 404 914 si
415 860 504 915 floreat
515 860 670 931 vigeatquel
688 861 723 915 ut
736 879 812 932 quem
823 860 905 914 adbuc
917 860 1099 917 Quastaarium

299 936 425 991 offendere
454 954 506 991 non
532 936 664 1003 audemus,
691 938 843 991 Pretorium
869 940 896 991 et
926 937 1098 991 Consularem

299 1014 378 1069 visuri
390 1016 496 1069 snmus?
514 1014 556 1069 An
570 1014 700 1069 Neronem
714 1020 857 1069 extremm
871 1013 1037 1069 dominomm
1052 1034 1097 1084 pu·

277 1091 379 1149 statis?
397 1090 469 1146 ldem
484 1090 651 1157 erediderunt,
669 1092 713 1162 qni
728 1091 836 1156 Tiberio,
853 1090 897 1161 qui
914 1091 984 1156 Caio,
1005 1110 1097 1161 super·

298 1168 372 1223 stites
390 1168 507 1223 luerunt:
526 1186 585 1223 enm
600 1168 701 1223 iuterim
714 1169 881 1225 intestabilior
896 1173 924 1225 et
941 1169 1037 1223 savior
1051 1187 1095 1223 ex·

297 1248 369 1300 ortus
393 1250 440 1301 est.
476 1246 537 1300 Nou
556 1246 674 1299 timemus
697 1246 895 1316 Vespasianum:
914 1264 944 1301 ea
964 1245 1094 1315 Principis

289 1325 366 1387 aetas,
380 1340 410 1378 ea
420 1322 567 1377 moderatio.
604 1321 655 1376 Sed
666 1321 762 1376 diutius
774 1322 866 1378 durant
877 1322 1002 1393 exempla,
1017 1342 1093 1393 quam

297 1416 386 1454 mores.
420 1398 595 1471 Elauguimus,
619 1398 710 1453 Patres
734 1401 877 1471 oonsoripti,
901 1416 949 1454 nee
971 1402 1029 1470 jam
1051 1400 1092 1453 ille

298 1475 407 1531 Senatus
421 1494 518 1540 sumus,
530 1476 582 1547 qui,
596 1476 680 1529 oeoiso
694 1476 806 1541 Nerone,
822 1476 947 1531 delatores
961 1481 989 1529 et
1005 1476 1090 1532 minis

296 1554 351 1608 tros
362 1572 432 1609 more
443 1554 567 1625 majorum
578 1552 719 1624 puniendos
733 1554 871 1625 flagitabat.
907 1554 1032 1624 Optimus
1043 1561 1089 1617 est,

296 1630 460 1700 postumium
472 1630 622 1701 Prinoipem,
635 1628 690 1683 dies
700 1630 822 1700 primus.’'

251 1715 289 1769 43
330 1708 413 1761 Tanto
433 1726 490 1763 oum
510 1724 614 1762 assensu
636 1706 745 1761 Senatus
765 1707 867 1762 auditus
883 1711 923 1763 est
939 1708 1088 1770 Montanus,

297 1786 327 1837 ut
339 1802 409 1853 spem
421 1787 522 1853 caperet
534 1782 677 1847 Helvidius,
690 1802 764 1853 posse
776 1785 853 1838 etiarn
869 1784 1023 1839 Mareellum
1034 1802 1090 1854 pro

296 1860 383 1915 sterni.
419 1860 505 1931 igitur
522 1878 537 1915 a
553 1860 627 1915 laude
640 1859 725 1915 Cluvii
744 1861 805 1916 Rufi
823 1880 903 1926 orsus,
916 1861 968 1932 qui,
986 1861 1090 1931 perinde

296 1936 366 1991 dives
385 1940 411 1991 et
430 1937 573 2008 eloquentia
592 1937 682 2004 clarus,
703 1938 766 1991 nulli
784 1955 895 2009 unquam
915 1938 964 1992 sub
985 1938 1089 1992 Nerone

295 2014 434 2085 perieulum
450 2014 601 2079 lacessisset,
620 2014 724 2069 erimine
741 2015 814 2070 simul
832 2014 998 2085 exemploque
1016 2015 1091 2085 Epri-

273 2107 336 2153 2um
361 2090 476 2165 urgebat,
501 2090 647 2147 ardentibus
670 2091 778 2147 Patroni
801 2093 897 2147 animis.
943 2090 1023 2150 Quod
1045 2092 1090 2146 ubi

294 2170 374 2225 sensit
397 2168 541 2235 Mareellus‚
565 2168 636 2224 velut
659 2168 783 2223 exaedens
806 2169 890 2225 ouda:
910 2168 1032 2235 “Imus’'
1054 2169 1090 2223 in·

294 2247 357 2318 quit,
387 2246 504 2312 “Prisce
531 2250 557 2301 et
583 2245 747 2316 relinquimus
775 2246 825 2301 tibi
849 2245 972 2301 Senatum
998 2249 1088 2301 tuum:

294 2342 379 2395 regne,
391 2328 516 2395 praesente
528 2323 653 2379 Cerere?
690 2323 848 2394 Sequebatur
859 2324 951 2379 Vibius
964 2323 1087 2394 Crispus:

294 2401 367 2455 ambo
379 2402 478 2467 infensi,
487 2400 561 2456 vulta
570 2400 685 2467 divers03
703 2400 841 2455 Mareellus
849 2400 989 2455 miuaoibus
998 2400 1086 2466 oeulis

295 2478 400 2548 Crispus
425 2478 557 2533 renidens:
576 2476 656 2531 donee
681 2495 789 2533 aooumu
812 2478 950 2532 amioonun
973 2477 1087 2531 retrabe-

273 2558 390 2616 rrentur.
427 2554 493 2609 Cum
512 2554 630 2625 glisoeret
647 2558 783 2619 oertamen,
800 2554 859 2609 bino
876 2553 950 2609 multi
970 2552 1086 2624 bonique

294 2630 353 2686 inde
369 2630 443 2701 pauoi
458 2634 484 2684 et
499 2630 583 2695 validi,
600 2630 771 2701 pertinacibus
787 2630 852 2685 odiis
869 2631 1013 2697 tenderent,
1027 2648 1086 2685 oon·

250 2711 411 2778 44sumptus
434 2724 480 2775 per
497 2706 647 2761 disoordiam
670 2706 732 2761 dies.
768 2708 888 2763 Proximo
916 2709 1021 2772 Senatu,
1044 2707 1085 2761 in-

293 2784 401 2838 choante
417 2782 523 2847 Gsesare
541 2782 572 2837 de
586 2783 708 2839 abolendo
723 2783 808 2839 dolore
821 2784 917 2857 iraque,
930 2790 957 2840 et
971 2785 1083 2855 priorum

293 2861 435 2929 temporum
446 2858 648 2923 necessitatibus,
660 2861 759 2916 oeusuit
775 2861 912 2917 Marianus
929 2860 1026 2932 prolixe
1036 2879 1082 2930 pro

293 2936 494 2991 obsonatoribus:
513 2935 588 2990 simul
607 2954 660 3003 eos,
682 2938 727 3009 qui
745 2942 863 3009 emptam,
880 2938 939 2995 dein
955 2938 1079 3002 omissam,
