2575 3592
215 456 233 492 A
253 453 273 492 D
289 450 331 500 ω]
402 386 657 435 maronianum
677 387 697 434 1.
716 389 819 436 87—90.
977 388 1006 436 51

216 501 351 557 Claudium
366 499 469 570 incepta
480 498 555 565 simul
573 498 661 553 audita
672 501 698 562 et
711 498 828 554 coercita.
864 497 935 553 Nero
947 507 1032 552 nun-3

215 580 260 634 tiis
280 577 362 649 magis
381 588 408 632 ct
428 576 573 631 rumoribus
592 595 667 647 quam
686 577 762 630 armis
781 575 908 648 depulsus.
944 575 1011 630 Tum

214 656 327 728 legiones
351 654 495 724 classesque
518 659 553 719 et,
578 653 646 725 quod
670 672 728 708 raro
752 654 821 719 alias,
843 653 1010 725 praetcrianus

214 734 378 803 urbanusque
393 731 465 786 miles
482 731 509 785 in
526 730 605 785 aciem
625 730 744 786 deducti:
764 731 855 785 Oriens
874 731 1010 786 Occidens-

215 829 267 882 que
282 815 309 865 et
325 808 445 880 quicquid
459 809 579 878 utrinque
593 808 687 863 virium
702 813 777 875 csta
792 812 882 880 terg03
901 808 923 863 si
941 807 1009 884 duci-

215 887 266 959 bus
287 885 343 941 aliis
362 885 484 940 bellatum
503 885 578 950 foret,
597 884 674 958 longo
692 885 758 940 bello
778 886 891 950 materia.
928 885 1033 940 Fuerat

216 965 262 1036 qui
279 963 450 1034 proficiscenti
465 963 562 1017 Othoni
580 981 665 1017 moras
682 963 881 1036 religionemque
899 963 1012 1018 noudum

216 1042 379 1098 conditorum
403 1039 523 1114 ancilium
547 1040 675 1095 afferrent.
711 1042 871 1112 Aspernatus
896 1045 936 1096 est
962 1059 1013 1096 cm·

215 1139 276 1175 nem
297 1117 486 1173 cunctationem
508 1121 539 1171 ut
562 1117 662 1172 Neroni
686 1137 787 1189 quoque
811 1117 960 1173 exitiosam:
986 1126 1014 1173 ct

217 1196 320 1252 Caecina
334 1196 387 1266 jam
407 1195 486 1266 Alpes
503 1198 680 1266 transgressus
702 1195 891 1250 exstimulabant.
927 1195 1013 1250 Pridie
1021 1204 1059 1258 90

216 1274 282 1345 Idus
295 1272 404 1346 Martias
420 1271 595 1327 commendata
606 1272 722 1344 patribus
740 1271 881 1344 republica
896 1272 1014 1343 reliquias

216 1351 422 1408 Neronianarum
434 1349 583 1415 sectionum,
596 1350 709 1404 noudum
722 1350 749 1404 in
767 1350 857 1420 fiscum
873 1368 1015 1414 conversas,

216 1428 344 1484 revocatis
360 1426 392 1482 ab
410 1426 485 1482 exilio
502 1428 635 1491 concessit,
649 1427 820 1498 justissimum
837 1425 931 1481 donum
948 1431 974 1481 et
989 1427 1016 1481 iu

218 1505 329 1577 speciem
339 1504 506 1576 magnificum,
517 1503 569 1572 sed,
579 1504 700 1559 festinata
709 1504 761 1578 jam
770 1503 867 1576 pridem
876 1504 1015 1565 exactione,

217 1602 270 1638 usu
277 1581 370 1654 sterile.
407 1582 473 1636 Mox
490 1586 581 1636 vocata
596 1583 724 1648 concione,
737 1583 896 1654 majestatem
907 1581 977 1636 urbis
990 1586 1039 1636 etss

218 1654 371 1716 consensum
383 1659 470 1731 populi
482 1677 511 1713 ac
523 1663 627 1714 senatus
643 1679 690 1730 pro
703 1679 730 1714 sc
742 1659 868 1724 attollens,
883 1659 1016 1714 adversum

218 1737 371 1793 Vitellianas
390 1741 476 1807 partes
497 1735 611 1792 modeste
632 1737 761 1803 disseruit,
782 1737 909 1792 inscitiam
930 1737 1016 1808 potius

218 1814 349 1887 legionum
363 1833 437 1885 quam
454 1812 585 1868 audaciam
596 1814 737 1886 increpans,
751 1815 821 1869 nulla
832 1813 932 1869 Vitellii
948 1833 1017 1868 men-

218 1893 299 1956 tione,
307 1891 361 1946 sire
373 1891 452 1964 ipsius
462 1909 493 1945 ea
504 1889 650 1956 moderatio,
662 1911 707 1947 seu
719 1891 828 1963 scriptor
840 1891 960 1946 orationis
969 1891 1018 1960 sibi

220 1974 339 2026 metuens
357 1967 515 2022 contumeliis
533 1967 561 2022 in
572 1969 705 2024 Vitellium
718 1969 850 2034 abstinuit,
864 1968 974 2040 quando,
986 1975 1017 2023 ut

218 2046 250 2102 in
270 2045 381 2100 consiliis
401 2044 498 2099 militia
515 2045 637 2101 Suetonio
657 2046 765 2102 Paulino
786 2051 812 2102 et
830 2046 914 2101 Mario
934 2045 1016 2111 Celso,

220 2124 260 2180 ita
274 2123 300 2178 in
316 2122 393 2178 rebus
410 2121 514 2177 urbanis
530 2123 624 2178 Galerii
638 2124 755 2180 Trachali
773 2123 875 2196 ingenio
890 2123 1029 2195 Othonem¹

221 2201 262 2256 uti
275 2199 432 2255 credebatur.
469 2200 504 2254 Et
522 2204 595 2255 eraut
609 2201 653 2271 qui
672 2220 753 2274 genus
770 2201 854 2272 ipsum
869 2200 957 2255 orandi
974 2207 1041 2271 no-tl

221 2281 332 2343 socrant,
345 2277 433 2332 crebro
450 2277 500 2331 fori
516 2296 565 2332 usu
581 2277 679 2332 celebre
697 2283 723 2333 et
736 2277 768 2332 ad
779 2277 918 2348 implendas
930 2279 1018 2348 populi

222 2374 298 2420 auras
309 2355 390 2410 latum
402 2361 428 2410 et
440 2373 540 2409 sonans.
572 2355 674 2410 Clamor
682 2373 807 2426 vocesque
818 2355 894 2427 vulgi,
905 2374 937 2410 ex
948 2374 1018 2410 moro

222 2431 350 2506 adulandi,
367 2432 451 2487 nimiae
469 2436 496 2486 et
512 2431 589 2487 falsa.
626 2432 709 2492 Quasi
724 2431 874 2508 dictatorem
893 2433 1042 2488 Oaesarem4

222 2514 269 2565 aut
285 2510 462 2580 imperatorem
474 2511 622 2580 Augustum
637 2514 859 2581 prosequerentur,
872 2510 909 2565 ita
926 2510 1018 2564 stadiis

221 2587 342 2658 rotisque
353 2586 484 2656 certabant
495 2606 502 2651 ;
514 2604 561 2641 nec
570 2590 641 2641 metu
654 2591 698 2642 aut
711 2605 802 2652 amore,
816 2587 861 2642 sed
873 2606 905 2643 cx
916 2587 1019 2650 libidine

223 2664 329 2727 servitii,
348 2668 378 2719 ut
398 2665 425 2718 in
436 2663 546 2733 familiis,
558 2664 659 2736 prirata
676 2665 767 2734 cuique
779 2665 918 2720 stimulatio
931 2669 957 2720 et
969 2664 1019 2719 vilo

219 2742 276 2814 jam
296 2740 374 2796 decus
394 2740 531 2813 publicum.
566 2742 702 2797 Proiectus
723 2742 793 2797 Otho
814 2743 925 2813 quietem
948 2741 1042 2798 urbisfi

223 2837 349 2891 curasque
360 2818 460 2891 imperii
472 2819 556 2875 Salvio
567 2819 669 2876 litiano
681 2817 756 2875 fratri
766 2819 889 2892 permisit.
