2575 3592
301 422 333 469 84
553 454 555 459 -
627 420 747 469 unum

940 484 1090 534 [suessia

275 532 423 601 claudebas,
446 532 529 588 curuli
552 550 605 587 sua
627 533 816 604 circumposuit.
852 532 918 588 Mox
940 536 1091 593 universum

299 611 440 664 exereitum
451 628 582 665 occurrere
597 610 691 665 infanti
701 611 753 665 filio
762 611 852 682 jubet;
870 610 1046 684 perlatumque
1063 620 1091 670 et

298 687 476 758 paludamento
488 690 606 758 opertum
617 688 676 742 sinu
687 689 799 743 retinens
811 688 988 743 Germanicum
1005 692 1092 761 appel·

298 764 368 828 lavit,
389 764 518 835 cinxitque
537 765 635 819 cunctis
653 765 763 819 fortunae
781 764 925 836 principalis
937 766 1090 838 insignibus.

299 840 402 895 Nimius
413 842 493 895 honos
504 842 572 896 inter
583 842 700 907 secunda,
713 842 789 897 rebus
802 842 914 897 adversis
931 843 958 897 in
970 844 1091 901 solatium

254 918 383 978 eooessit.
419 918 484 972 Tum
495 918 624 973 interfecti
635 920 795 974 centuriones
811 920 992 989 promptissimi
1007 922 1092 977 Otho-

299 995 447 1061 nianornm3
465 994 533 1049 unde
553 996 680 1067 praecipua
697 996 725 1050 in
745 995 878 1051 Vitellium
902 996 1020 1052 alienatio
1043 1018 1092 1071 per

275 1071 414 1143 alllyrioos
434 1072 568 1127 exercitus.
605 1072 686 1127 Simul
706 1076 803 1127 catera
823 1072 937 1144 legiones
957 1080 1091 1143 contactu,

298 1153 326 1203 et
337 1149 458 1204 adversus
474 1150 637 1205 Germanicus
655 1149 748 1204 milites
759 1148 860 1215 invidia,
879 1149 973 1205 bellum
984 1151 1091 1207 medita-

298 1224 399 1281 bantur.
436 1226 585 1281 Suetonium
601 1226 737 1281 Paulinum
757 1244 787 1281 ac
804 1226 931 1281 Licinium
951 1228 1092 1285 Proculum

297 1303 367 1358 tristi
387 1320 457 1358 mora
475 1304 602 1375 squalidos
620 1304 712 1369 tenuit,
737 1302 817 1358 donec
837 1303 918 1358 auditi
940 1307 1091 1361 necessariis

274 1380 379 1451 amaps
395 1380 583 1436 defensionibus
598 1399 674 1452 quam
691 1380 805 1435 honestis
823 1384 964 1436 uterentur.
999 1382 1091 1438 Prodi-

298 1457 393 1513 tionem
411 1458 480 1513 ultro
500 1458 667 1529 imputabant,
685 1457 796 1528 spatium
812 1457 882 1529 longi
897 1463 956 1513 ante
973 1460 1091 1530 praelium

297 1534 403 1600 itineris,
422 1534 597 1607 fatigationem
617 1534 827 1597 Othonianorum,
849 1536 1002 1606 permixtum
1021 1538 1091 1592 vehi·

297 1612 362 1666 culis
374 1630 465 1683 agmen
476 1631 505 1667 ac
516 1612 635 1683 pleraque
647 1612 754 1666 fortuita
765 1611 848 1666 fraudi
857 1630 909 1667 suae
921 1612 1089 1683 assignantes.

297 1688 333 1743 ut
352 1689 472 1744 Vitellius
496 1689 603 1744 credidit
627 1688 659 1743 de
679 1688 791 1760 perfidia,
816 1693 843 1744 et
866 1689 941 1745 fidem
970 1689 1089 1746 absolvit.

272 1758 396 1820 4Salvius
420 1766 543 1832 Titianus,
574 1766 685 1821 Othonis
708 1766 795 1832 irater,
826 1766 924 1821 nullum
953 1766 1091 1825 discrimen

298 1843 367 1908 adiit,
385 1844 480 1915 pietate
497 1847 524 1898 et
540 1843 641 1916 ignavia
657 1847 800 1899 excusatus.
835 1844 919 1898 Mario
938 1843 1012 1899 Celso
1028 1863 1091 1901 oon·

298 1920 396 1975 sulatus
421 1924 545 1976 servatur.
582 1919 633 1975 Sed
657 1920 781 1975 creditum
805 1920 880 1988 fama,
910 1920 1091 1993 objectumque

297 2014 357 2051 mox
379 1998 407 2052 in
429 2001 519 2052 senatu
542 1998 643 2053 Caecilio
668 1998 786 2069 Simplici,
806 1996 874 2068 quod
891 2016 948 2053 eum
966 1998 1092 2054 honorem

297 2074 405 2145 pecunia
432 2075 545 2141 mercari,
576 2092 623 2130 nec
653 2075 707 2129 sine
737 2075 815 2129 exitio
850 2074 926 2139 Celsi,
956 2074 1089 2131 voluisset.

272 2149 406 2207 5Restitit
417 2152 546 2220 Vitellius,
558 2152 678 2222 deditque
693 2156 783 2223 postea
799 2152 958 2206 consulatum
974 2152 1092 2222 Simplici

296 2229 426 2284 innoxium
438 2233 465 2284 et
476 2230 624 2299 inemptum.
660 2228 810 2283 lhachalum
822 2228 942 2284 adversus
954 2228 1091 2285 cumman-

296 2309 336 2360 tes
349 2306 448 2361 Galeria
458 2324 523 2362 uxor
535 2305 633 2360 Vitellii
644 2306 763 2376 proterit.

250 2379 285 2433 61
331 2383 404 2437 Inter
438 2401 587 2455 magnorum
614 2383 726 2437 virorum
755 2382 900 2437 discrimina
929 2381 1090 2453 (pudendum

295 2458 386 2527 dictu)
398 2459 526 2514 Mariccus
538 2458 648 2530 quidam,
661 2478 675 2515 e
686 2459 759 2530 plebe
769 2459 896 2527 Boiorum,
908 2460 1018 2515 inserere
1030 2478 1090 2516 sese

295 2537 405 2591 fortuna
421 2541 448 2591 et
465 2555 604 2608 provocare
621 2556 692 2591 arma
706 2538 823 2592 Romam
834 2534 994 2593 simulatione
1005 2540 1091 2594 numi·

270 2622 356 2669 2num
372 2631 450 2667 ausus
467 2618 515 2667 est.
551 2614 660 2684 Jamque
676 2618 788 2669 assertor
808 2613 947 2669 Galliarum
967 2618 994 2669 et
1015 2614 1091 2680 deus,

297 2692 366 2760 (nam
378 2689 405 2744 id
416 2690 465 2744 sibi
476 2690 621 2758 indiderat)
634 2691 740 2745 concitis
752 2695 811 2746 octo
823 2690 934 2747 millibus
945 2692 1089 2758 hominnm,

294 2767 423 2839 proximos
443 2767 586 2821 AEduorum
603 2786 683 2839 pagos
706 2768 832 2836 trahebat,
856 2786 914 2824 cum
937 2770 1092 2840 gravissima

295 2844 385 2899 civitas
402 2843 484 2898 electa
497 2843 639 2913 juventute,
657 2845 763 2915 adjectis
780 2864 796 2901 a
811 2846 918 2901 Vitellio
929 2846 1089 2913 cohortibus,

269 2919 429 2983 dianaticam
446 2919 636 2975 multitudinem
653 2921 761 2991 disjecit.
798 2922 895 2993 Captus
913 2922 940 2977 in
951 2940 981 2977 eo
999 2924 1091 2993 praelio

294 2996 431 3069 Mariccus,
449 3016 480 3055 ac
496 3014 558 3052 mox
577 2997 638 3052 ieris
659 2997 773 3069 objectus
791 2999 918 3070 quianon
935 2999 1092 3072 laniabatur,
