2575 3592
218 487 239 526 Δ
255 486 275 526 n
291 487 316 528 ω
388 422 640 475 HISTORIARUM
660 424 710 475 111.
729 426 832 475 62-66,
961 426 1007 475 148

217 554 297 607 roque
317 487 349 591 dc
371 537 453 608 gloria
474 536 631 593 enodem.
668 536 765 593 Paucas
791 535 894 593 Vitellio
918 535 1008 593 cohor·

215 616 266 681 tes,
283 616 311 669 et
329 614 424 670 mestis
442 613 555 685 undiquc
574 612 673 669 nuntiis
693 612 820 685 trepidas3
850 612 938 685 populi
955 630 1007 669 rno-

217 689 293 745 bilem
304 690 423 760 animum,
435 697 462 747 et
473 692 497 746 si
514 690 604 747 ducem
620 708 650 747 ee
664 690 821 761 prebuisset
839 690 939 747 eosdem
949 689 1006 747 illas

215 766 374 823 adulationes
396 786 445 839 pro
467 768 624 839 Vespasiano
649 767 711 823 fore.
758 768 848 839 Ipsum
871 767 1027 829 Vitellians

213 862 248 900 ne
259 846 385 916 prosperis
395 844 497 917 quidem
507 862 605 916 parem:
623 845 687 901 adeo
694 845 827 901 ruentibus
839 844 1005 901 debilitatum.

214 921 330 976 Gratiam
346 923 442 993 patrati
458 922 518 977 belli
528 940 605 993 penes
616 941 676 977 eum
687 922 732 995 qui
742 922 832 978 urbem
843 924 1002 994 occuptsset.

213 997 248 1053 Id
263 998 356 1055 Sabino
370 1000 511 1065 convenire,
527 1006 557 1055 ut
573 1000 706 1071 imperium
718 1000 792 1055 fratri
803 1004 958 1067 reservaret;
977 1000 1004 1055 id

213 1074 379 1147 Vespasiano,
388 1080 419 1130 ut
427 1077 512 1132 ceteri
523 1081 581 1147 post
591 1076 712 1132 Sabinum
723 1076 884 1132 haberentur.
915 1076 1003 1133 Haud·
1011 1087 1048 1143 65

212 1170 341 1225 quaquam
357 1156 443 1209 erecto
460 1154 543 1209 animo
558 1171 601 1209 eas
618 1172 695 1210 voces
711 1154 857 1226 accipiebat,
876 1154 1001 1211 invabdus

212 1234 324 1286 senecta
360 1230 441 1286 Erant
458 1232 503 1303 qni
517 1231 623 1287 occultis
639 1232 824 1303 suspicionibus
839 1231 1001 1298 incesserent,

211 1310 335 1377 tanquam
346 1306 441 1362 invidia
456 1312 483 1363 et
500 1308 659 1364 emulatione
676 1309 804 1364 fortunam
821 1309 907 1365 fratris
922 1326 1002 1366 mora·

211 1388 293 1438 retur.
328 1384 446 1455 Namque
462 1385 566 1441 Flauius
584 1385 700 1455 Sabinus,
716 1390 793 1443 atate
807 1387 884 1458 prior,
897 1388 1023 1457 privatin

211 1460 348 1532 utriusque
369 1461 444 1517 rebus
464 1464 616 1519 auctoritate
638 1464 796 1535 pecuniaque
816 1464 1001 1535 Vespasianum

212 1536 334 1603 anteibat,
346 1541 374 1593 et
387 1539 536 1596 credebatur
551 1540 667 1595 affectam
684 1540 738 1612 ejus
754 1540 830 1595 fidem
847 1541 1001 1613 prajuvisse,

212 1612 288 1669 domo
302 1614 419 1687 agrisque
435 1617 536 1693 pignori
552 1617 681 1688 acceptis;
697 1616 772 1683 unde,
789 1635 933 1689 quanquam
949 1636 1001 1673 rna·
1091 1648 1094 1656 Α

210 1695 289 1745 nentc
306 1692 456 1763 inspeciem
472 1693 613 1758 concordia,
631 1694 784 1749 offensarum
800 1701 889 1765 operta
906 1698 1000 1751 metue-

209 1766 311 1837 bantur.
346 1768 441 1825 Melior
457 1770 641 1841 interpretatio,
661 1771 749 1825 mitem
769 1771 852 1827 virum
866 1771 1022 1830 abhorreres

208 1862 225 1898 a
248 1845 373 1917 sanguine
396 1850 423 1901 et
449 1846 567 1913 wdibus,
592 1865 673 1919 eoque
696 1847 790 1903 crebris
814 1866 872 1904 cum
896 1848 1000 1905 Vitellio

207 1922 367 1984 sermonibus
379 1922 412 1977 de
422 1942 484 1995 pace
499 1923 672 1996 ponendisque
688 1942 733 1996 per
744 1924 912 1981 conditionem
924 1928 1000 1983 armis

208 1998 314 2069 agitare.
351 2000 423 2071 Sape
441 2000 508 2055 domi
525 2001 662 2073 congressi,
675 2006 803 2072 postremo
818 2002 1001 2075 inaedeApol·
1111 2064 1119 2087 Ο

207 2073 275 2139 linis,
294 2079 325 2131 ut
347 2076 415 2131 fama
434 2077 492 2143 suit,
516 2079 642 2149 pepigere.
678 2078 763 2134 Verba
786 2086 911 2151 vocesque
934 2080 1023 2135 duoss

208 2154 291 2205 testes
307 2152 441 2219 habebant,
461 2154 581 2209 Cluvium
598 2154 696 2209 Rufum
717 2160 743 2211 et
765 2155 853 2210 Silium
873 2156 999 2213 Italicum.

208 2226 307 2282 Vultus
324 2230 412 2299 procul
428 2230 569 2286 visentibus
582 2231 745 2297 notabantur,
758 2232 858 2287 Vitellii
872 2234 1000 2303 projectus

207 2306 237 2359 et
248 2302 365 2376 degener,
378 2306 485 2363 Sabinus
501 2326 554 2363 non
564 2308 690 2363 insultans
709 2312 735 2364 et
747 2309 878 2363 miseranti
889 2310 999 2381 propior.

207 2380 311 2440 Quodsi
333 2386 387 2437 taur
405 2384 479 2439 facile
502 2403 607 2439 suorum
626 2389 725 2441 mentes
748 2385 860 2441 flexisset
879 2386 1043 2453 Vitellius66

206 2476 285 2530 quam
296 2458 352 2530 ipse
363 2465 480 2527 cesserat,
493 2461 652 2517 incruentam
663 2461 752 2517 urbem
766 2462 913 2533 Vespasiani
925 2483 998 2521 exer·

206 2534 274 2590 citus
288 2535 419 2592 intrbsset.
455 2538 583 2593 Caeterum
594 2542 626 2593 ut
637 2540 745 2610 quisque
756 2536 862 2595 Vitellio
873 2541 947 2608 fidus,
959 2544 998 2598 ita

206 2628 295 2681 pacem
306 2617 334 2667 et
349 2611 507 2670 conditiones
525 2614 677 2682 abnuebant,
696 2615 832 2672 dissnmen
843 2636 873 2674 ac
890 2618 999 2675 dedecus

204 2692 373 2756 ostentantes,
388 2695 414 2745 et
428 2690 504 2746 fidem
518 2692 547 2746 in
562 2691 666 2748 libidine
680 2693 791 2749 victoris.
827 2695 885 2751 Nec
900 2700 1021 2755 tantuma

208 2764 363 2835 Vespasiano
374 2767 518 2839 superbiam
526 2772 557 2823 ut
567 2768 696 2839 privatum
707 2768 841 2827 Vitellium
852 2776 997 2844 pateretur:

202 2859 238 2897 ne
256 2842 338 2900 victos
357 2844 463 2917 quidem
485 2844 592 2901 laturos.
626 2846 671 2901 Ita
689 2848 830 2917 pericnlum
853 2866 886 2903 ex
903 2849 999 2904 miseri·
1080 2852 1084 2863 '

202 2917 297 2975 cordia
332 2922 423 2993 Ipsnin
447 2939 616 2977 mnasonem
638 2927 666 2977 et
689 2924 816 2994 prosperis
836 2922 999 2995 adversisque

201 2996 342 3055 satiatum:
368 2999 414 3056 aed
437 2997 508 3071 quod
530 3015 630 3065 nomen,
650 3016 725 3071 quem
749 3004 846 3055 statum
868 2994 920 3055 filio
943 2996 1015 3070 ejus
