2575 3592
304 403 351 448 266
637 399 757 448 TACl'l'I

903 501 909 512 ,
931 457 966 505 [Α.
977 459 1039 500 uc.
1049 463 1093 502 ser.

231 511 348 599 ‘iiic'dh
367 514 422 581 jam
445 513 534 566 wate
556 513 739 584 transgressus,
763 509 882 582 Agricola
903 513 1007 574 invenit,
1034 527 1093 564 cum

243 585 289 650 nel
305 593 332 642 et
352 588 454 654 milites,
475 587 546 643 velut
566 589 659 643 omissa
679 586 847 658 expeditione,
869 584 901 640 ad
921 586 1094 650 securitatem,

250 659 286 734 ’ἦ
306 668 333 719 et
349 665 436 720 hostes
454 665 487 720 ad
503 666 667 730 occasionem,
685 669 826 719 uterentur.
862 661 1017 718 Ordovicum
1035 663 1096 718 civi·

238 804 247 814 .
279 717 354 807 nm,
374 741 441 796 baud
460 742 540 796 multo
558 746 618 797 ante
635 741 771 796 adventum
793 743 856 809 ejus,
874 739 940 794 alam
956 740 1096 794 infinibus

229 865 232 868 ,
306 819 360 873 suis
373 822 489 890 agenoem
501 837 581 888 prope
592 819 735 873 nniversam
752 817 907 882 obtriverat;
926 834 1005 887 eoque
1022 816 1097 871 initio

235 898 243 953 s
283 899 391 950 derecta
413 895 548 965 provincia
584 895 619 950 Et
640 895 732 967 quibus
752 894 846 949 bellum
868 893 1011 948 volentibus
1034 898 1098 960 erat,

247 986 252 992 ·
308 972 413 1043 probare
436 970 587 1041 exemplum,
606 990 636 1026 ac
656 972 764 1027 recentis
788 970 866 1041 legati
889 970 999 1024 animum
1018 986 1099 1040 oppe-
1138 975 1139 1008 ³

176 1050 180 1055 ’
217 1069 239 1081 ’-
306 1048 358 1113 riri,
377 1066 436 1103 cum
452 1047 578 1118 Agricolas,
596 1067 737 1120 quanquam
753 1051 898 1102 transvecta
915 1050 998 1112 estus,
1015 1045 1099 1116 sparsi

222 1137 236 1169 1
307 1143 353 1195 per
369 1124 521 1194 provinciam
536 1125 641 1192 numeri,
654 1129 807 1196 praesumpta
824 1123 891 1194 apud
907 1123 1013 1177 militem
1030 1122 1098 1177 illius

308 1201 368 1255 anni
390 1201 469 1272 quies,
490 1200 563 1256 tarda
582 1206 609 1256 et
630 1202 756 1257 contraria
775 1201 870 1256 bellum
891 1199 1051 1264 inchoaturo,
1074 1205 1099 1253 et

308 1277 434 1349 plerisque
452 1278 574 1333 custodiri
592 1283 712 1350 suspecta
732 1278 816 1350 potius
836 1275 977 1340 videbatur,
998 1277 1040 1330 ire
1058 1275 1100 1330 ob
1138 1311 1139 1320 .

308 1355 374 1409 mam
387 1354 522 1410 discrimini
535 1356 626 1410 statuit
633 1379 641 1422 3
661 1355 847 1426 contractisque
860 1353 988 1424 legionum
1000 1351 1099 1406 vexillis

309 1436 336 1486 et
356 1431 455 1487 modica
474 1432 625 1486 auxiliorum
644 1451 729 1498 manu,
751 1433 810 1504 quia
829 1431 856 1486 in
875 1448 975 1501 aequum
995 1427 1101 1502 degredi

309 1509 447 1564 Ordovices
462 1527 515 1563 non
531 1509 666 1576 audebant,
677 1509 733 1579 ipse
749 1513 808 1564 ante
824 1522 985 1579 agmenque
1000 1505 1101 1560 caeteris

285 1604 356 1655 4par
375 1585 473 1640 animus
494 1585 569 1640 simili
589 1585 700 1656 periculo
721 1589 795 1650 esset,
817 1586 899 1640 erexit
922 1583 1012 1637 aciem.
1050 1583 1101 1637 (ise

310 1681 388 1733 saque
409 1680 488 1734 prope
510 1663 628 1718 universa
651 1667 807 1734 gunterum
826 1662 930 1732 ignums
953 1659 1101 1714 metendum

310 1738 384 1793 fame
407 1737 450 1804 ao,
467 1743 544 1809 prout
576 1740 658 1810 prima
685 1739 828 1804 cessissent,
852 1743 978 1792 terrorem
1002 1737 1100 1791 caeteris

310 1815 372 1880 fore,
395 1815 501 1869 Monam
527 1815 643 1882 insulam,
669 1819 742 1886 cujus
770 1813 927 1886 possessione
954 1817 1101 1868 revocatum

310 1891 446 1946 Paulinum
460 1890 595 1946 rebellione
610 1893 691 1947 totius
707 1892 846 1947 Britanniae
862 1908 938 1962 supra
956 1890 1100 1953 memorari,

287 1967 426 2038 oredigere
448 1967 476 2022 in
499 1972 653 2038 potestatem
676 1969 759 2024 animo
783 1967 901 2024 intendit.
937 1965 998 2031 Sed,
1024 1971 1055 2021 ut
1077 1967 1102 2019 in
1138 2037 1139 2042 ἵ

311 2044 394 2100 dubiis
410 2044 529 2110 consiliis,
541 2063 618 2100 naves
635 2045 754 2102 deerant:
773 2046 838 2100 ratio
854 2049 881 2100 et
896 2043 1045 2100 constantia
1059 2042 1102 2097 du·
1138 2051 1139 2110 i

311 2123 348 2176 cis
363 2122 511 2177 transvexit.
547 2122 678 2193 Depositis
693 2123 808 2178 omnibus
825 2121 936 2186 sarcinis,
952 2120 1102 2175 lectissimos
1138 2139 1139 2210 p

312 2199 480 2265 auxiliarium,
499 2199 591 2270 quibus
608 2203 671 2254 notu
687 2199 752 2254 vada
771 2203 798 2254 et
817 2199 915 2271 patrius
934 2197 1016 2252 nandi
1034 2215 1101 2260 usus,
1138 2211 1139 2254 l

312 2295 363 2347 quo
381 2277 456 2331 simul
470 2293 548 2347 seque
565 2280 592 2330 et
608 2294 678 2330 arma
693 2281 720 2330 ct
736 2295 813 2348 equos
829 2278 929 2347 regunt,
945 2274 984 2328 ita
1000 2279 1102 2345 repente
1138 2259 1139 2316 l

311 2353 424 2418 immisit,
436 2357 467 2408 ut
481 2353 652 2424 obstupefacti
667 2353 760 2419 hostes,
774 2353 818 2424 qui
829 2352 941 2416 classem,
956 2351 1002 2422 qui
1019 2369 1100 2414 navos,
1138 2359 1139 2386 l

313 2429 358 2499 qui
368 2448 437 2484 mare
449 2429 637 2501 exspectabant,
650 2429 714 2483 nibil
729 2429 836 2484 arduum
852 2433 896 2484 aut
912 2427 1039 2482 invictum
1052 2445 1102 2482 cre
1138 2433 1139 2492 l

288 2505 516 2562 6diderintsicad
529 2507 802 2562 bellumveuientibus.
838 2507 881 2562 Ita
895 2505 977 2576 petita
993 2522 1103 2576 pace‚ao
1138 2497 1139 2556 i

312 2581 399 2637 dedita
410 2582 499 2650 insula,
512 2583 595 2639 clarus
607 2602 636 2638 ao
648 2603 755 2656 magnus
770 2583 858 2639 baberi
871 2581 997 2656 Agricola,
1012 2582 1102 2654 quippe
1138 2587 1139 2636 i

313 2659 355 2714 oui
365 2659 518 2730 ingredienti
529 2661 690 2730 provinciam,
704 2661 772 2732 quod
785 2665 885 2732 tempus
901 2659 943 2714 alii
957 2677 1004 2730 per
1020 2663 1102 2712 osten·
1138 2665 1139 2728 j

312 2736 435 2790 tationem
453 2740 498 2790 aut
517 2737 654 2792 officiorum
675 2737 798 2792 ambitum
818 2736 970 2808 transigunt,
988 2734 1102 2790 laboret
1138 2737 1139 2792 l

288 2826 302 2877 7
313 2811 452 2880 periurium
463 2812 606 2882 placuisset.
640 2813 698 2868 Nec
710 2813 829 2884 Agricola
839 2812 1008 2884 prosperitate
1019 2829 1101 2866 rerum
1138 2795 1139 2872 l

312 2887 487 2942 insanitatem
502 2905 573 2952 usus,
587 2889 772 2958 expeditionem
788 2895 833 2944 aut
849 2888 980 2944 victoriam
996 2888 1099 2943 vocabat

313 2961 394 3017 victos
405 2963 575 3018 continuisse:
591 2965 752 3020 nelaureatis
761 2966 862 3038 quidem
871 2971 1100 3037 gestaprosecutus
1138 2977 1139 2984 ’
