2575 3592
303 407 332 454 rc
635 403 754 450 nncrm

929 466 965 514 [Λ.
976 465 1003 502 o.
1012 465 1034 503 c.
1046 464 1092 503 aaa.

300 516 371 580 isset,
393 515 495 568 innixus
515 513 607 569 liberto
630 533 676 584 per
694 515 852 570 Tiberianam
871 513 973 568 domum
993 515 1020 568 in
1040 515 1093 567 Ve-
1154 513 1155 526 ²

179 644 184 649 .
301 592 407 656 labrum,
420 591 480 646 inde
496 591 528 645 ad
545 591 689 646 milliarium
708 611 812 646 aureum
828 591 875 646 sub
892 591 970 646 aedem
987 591 1093 644 Satmmi

278 669 393 740 tpergit.
430 668 471 722 Ibi
489 672 543 722 tres
561 673 587 722 et
604 668 696 739 viginti
714 668 883 739 speculatores
904 667 1092 723 consalutatum
1154 681 1155 708 l

301 745 487 816 imperatorem,
513 763 543 799 ac
565 745 694 814 paucitate
719 745 883 799 salutantium
906 743 1041 814 trepidum,
1063 747 1091 798 ct

302 822 372 877 sellae
396 822 549 876 festinanter
573 821 720 892 impositum
746 822 842 876 strictis
866 821 1029 876 mucronibus
1051 839 1092 874 ra-

278 899 383 969 tpiunt.
420 898 538 952 'lotidem
549 899 628 952 ferme
647 899 740 953 milites
757 899 785 953 in
799 899 891 953 itinere
909 901 1089 969 aggregantur,

301 975 344 1030 alii
368 976 530 1040 conscientia,
554 975 668 1046 plerique
691 976 819 1041 miraculo,
846 993 902 1046 pars
926 975 1033 1030 clamore
1063 979 1091 1029 et

301 1051 407 1124 gaudiis,
432 1071 491 1123 pars
515 1052 625 1117 silentio,
651 1052 761 1106 animum
785 1071 817 1107 ex
837 1056 931 1106 eventu
954 1053 1089 1122 sumpturi.

227 1153 229 1159 ·
255 1127 294 1181 28
302 1130 442 1184 Stationem
457 1129 484 1183 in
499 1129 589 1183 castris
607 1130 698 1201 agebat
714 1131 800 1184 Julius
818 1129 944 1184 Martialis
962 1129 1089 1183 tribunus

246 1216 250 1223 '
300 1207 329 1262 Is
341 1207 514 1278 magnitudine
526 1207 605 1262 subiti
616 1208 725 1272 sceleris,
737 1227 769 1262 an
778 1211 898 1277 corrupta
908 1207 985 1261 latius
997 1211 1088 1272 castra,

301 1288 335 1350 et,
349 1284 372 1339 si
383 1289 472 1339 contra
483 1283 607 1349 tenderet,
621 1285 725 1338 exitium
743 1289 866 1349 metuens,
883 1283 990 1354 prebuit
1002 1283 1090 1354 pleris-

188 1425 193 1431 ἴ
278 1370 350 1433 2que
363 1362 531 1432 suspicionem
545 1362 714 1416 conscientiae.
750 1364 927 1433 Anteposnere
939 1362 1017 1416 ceteri
1029 1379 1090 1431 quo-

300 1457 349 1508 qne
356 1439 454 1493 tribuni
466 1439 679 1509 centurionesque
691 1439 826 1509 praesentia
839 1437 921 1492 dubiis
931 1443 957 1492 et
965 1439 1088 1493 honestis.

278 1517 379 1586 tlsque
401 1516 504 1570 habitus
528 1515 668 1570 animorum
692 1516 743 1570 luit
766 1521 797 1570 ut
825 1516 961 1586 pessimum
989 1515 1089 1570 facinus

302 1593 423 1647 auderent
435 1591 516 1664 pauci,
529 1592 613 1662 plures
626 1592 728 1661 vellent,
741 1611 827 1648 omnes
839 1596 994 1663 paterentur.

255 1674 292 1728 29
336 1671 445 1742 Ignauia
463 1670 563 1724 interim
582 1670 661 1725 Galba
679 1675 705 1725 et
726 1671 803 1724 sacris
826 1671 940 1724 intentos
964 1669 1089 1741 fatigabat

302 1747 376 1801 alieni
384 1748 437 1818 jam
448 1747 545 1818 imperii
555 1746 624 1811 deos,
633 1766 690 1802 cum
700 1749 804 1802 affertur
812 1766 899 1802 rumor
907 1747 962 1818 rapi
970 1747 997 1801 in
1006 1753 1090 1802 castra

301 1826 427 1879 incertum
450 1843 525 1895 quem
549 1828 697 1889 senatorem,
722 1843 789 1889 mox,
814 1825 942 1878 Othonem
965 1843 1021 1878 esse
1044 1826 1090 1896 qui

302 1905 433 1972 raperetur
440 1924 448 1967 ;
467 1900 541 1955 simul
553 1919 585 1955 ex
596 1905 652 1954 tcta
664 1901 733 1966 urbe,
743 1905 773 1955 ut
783 1901 889 1972 quisque
898 1901 986 1956 obvius
996 1901 1088 1967 iuerat,

303 1978 345 2032 alii
362 1978 494 2032 formidine
512 1983 641 2049 angentes,
661 1979 762 2050 quidam
780 1979 877 2033 minora
893 1997 961 2044 vem,
979 1997 1012 2033 nc
1032 1983 1089 2034 tum

279 2055 403 2127 2quidem
421 2055 493 2110 obliti
511 2055 669 2110 adulationis.
705 2056 791 2126 Igitur
811 2056 1012 2110 consultantibus
1036 2057 1090 2126 pla-

303 2135 356 2190 cuit
368 2135 506 2207 pertentari
518 2135 628 2190 animum
645 2135 757 2190 cohortis
775 2135 870 2206 quaein
885 2135 983 2190 Palatio
1000 2137 1090 2190 statio-

302 2231 360 2267 nem
384 2213 482 2284 agebat,
507 2231 554 2267 nec
577 2231 623 2284 per
645 2214 729 2284 ipsum
754 2213 867 2278 Galbam,
892 2213 965 2283 cujus
989 2213 1090 2284 integra

280 2290 440 2345 tauctoritas
464 2289 600 2361 majoribus
623 2289 739 2345 remediis
763 2290 918 2344 servabatur.
954 2290 1014 2344 Piso
1042 2309 1089 2361 pro

303 2367 424 2439 gradibus
436 2367 524 2422 domus
536 2371 639 2422 vocatos
651 2367 678 2422 in
690 2368 757 2422 hunc
772 2367 875 2422 modum
891 2367 1014 2422 allocutus
1030 2371 1070 2422 est
1082 2392 1088 2422 :

302 2448 355 2485 ·-“
367 2445 459 2498 Sextus
477 2445 530 2500 dies
548 2446 640 2514 agitur,
660 2445 848 2510 commilitones,
867 2463 898 2500 ex
917 2463 966 2516 quo
984 2445 1088 2516 ignarus

302 2522 392 2586 futuri,
417 2526 443 2576 et
467 2522 520 2576 sive
543 2522 682 2593 optandum
699 2522 748 2577 hoc
765 2541 857 2577 nomen
874 2523 927 2577 sive
947 2522 1088 2578 timendum
1152 2559 1153 2564 =

278 2604 365 2664 aetat,
379 2599 464 2653 Caesar
476 2599 587 2654 adscitus
600 2619 664 2654 snm.
701 2601 760 2659 Quo
776 2600 865 2655 domus
882 2603 975 2654 nostrae
990 2606 1035 2654 aut
1050 2603 1088 2656 rei

303 2676 410 2748 publicae
432 2677 494 2741 fato,
518 2676 545 2730 in
567 2681 654 2730 vestra
671 2695 747 2732 manu
764 2678 875 2748 positum
894 2681 941 2741 est,
960 2695 1011 2730 non
1029 2678 1088 2748 qnia

302 2771 359 2808 meo
371 2753 472 2807 nomine
483 2753 622 2808 tristiorem
634 2772 720 2808 casum
739 2773 849 2824 paveam,
867 2759 897 2808 ut
909 2753 952 2824 qui
971 2753 1087 2810 adversas

303 2849 344 2885 res
356 2834 475 2901 expertus
490 2849 547 2885 cum
562 2830 670 2885 manime
686 2830 780 2885 discam
797 2851 829 2886 nc
847 2830 969 2886 secundas
986 2831 1087 2902 quidem

303 2908 386 2962 minus
404 2906 555 2962 discriminis
573 2906 680 2962 habere:
699 2909 779 2976 patris
797 2913 823 2963 ct
842 2911 944 2962 senatus
963 2913 989 2962 ct
1004 2909 1087 2978 ¹ipsius

302 2983 401 3056 rmperii
416 2984 496 3040 vicem
513 2984 592 3050 doleo,
611 2983 722 3040 sinobis
738 2989 783 3040 aut
799 2985 880 3056 perire
896 2983 970 3040 hodie
986 3003 1088 3042 necesse
