2575 3592
304 412 353 459 248
643 410 762 459 Tacrrl

306 521 465 579 Chaucorum
476 538 546 593 gens,
560 538 704 592 quanquam
711 508 815 592 incipiat
826 539 842 575 a
853 521 949 587 Frisiis,
958 540 989 577 aa
997 527 1091 594 partem

305 600 387 653 litoris
399 603 514 669 occupet,
527 598 639 653 omnium
651 617 713 670 quas
725 598 830 670 exposui
844 599 959 669 gentium
974 600 1094 655 lateribus

285 676 460 741 20bteuditur‚
474 676 553 730 donec
564 674 591 729 in
603 675 712 730 Chattos
726 694 807 747 nsque
821 675 943 730 sinuetur.
978 677 1043 731 Tam
1053 678 1096 731 im-
1122 669 1124 720 i

307 772 420 808 mensum
436 758 560 807 terrarum
577 754 688 823 spatium
703 771 755 807 non
770 757 859 807 tenent
875 758 977 807 tantum
992 754 1097 818 Chauci,
1124 743 1125 788 i

307 830 352 885 sed
371 835 397 885 et
415 828 528 899 impleut,
549 829 657 900 populus
675 830 742 884 iuter
762 830 900 885 Germanos
918 830 1098 895 nobriissimus,
1125 815 1126 870 i

285 908 399 979 tquique
415 905 615 977 magnitudinem
630 925 703 961 suam
718 906 788 961 msiit
806 907 908 978 justitia
925 907 1003 961 tueri
1042 909 1099 963 Sine
1126 889 1128 948 i

256 1000 259 1008 ’
306 983 452 1055 cupiditate,
465 983 519 1038 aine
534 982 692 1054 impotentia,
704 984 784 1055 quieti
799 984 941 1055 secretique
956 984 1031 1039 nulla
1045 1004 1100 1056 pro
1127 963 1129 1008 i

305 1065 398 1116 vocant
413 1059 486 1126 bella,
502 1060 577 1115 nuliis
591 1061 707 1131 raptibus
720 1067 766 1115 aut
780 1060 920 1116 latrociniis
935 1061 1098 1131 populantur.

306 1138 339 1195 Id
350 1137 504 1211 precipuum
515 1137 619 1192 virtutis
631 1156 662 1193 ac
673 1138 763 1192 virium
779 1144 958 1209 argumentum
970 1143 1022 1203 cst,
1035 1139 1100 1209 quod

306 1220 336 1270 ut
361 1214 502 1285 superiores
528 1218 613 1286 agant,
640 1232 693 1269 non
718 1232 764 1285 per
787 1214 892 1284 injurias
917 1220 1099 1286 assequuntur.

284 1294 428 1365 4Prompta
443 1296 529 1347 tamen
546 1290 663 1347 omnibus
680 1310 750 1346 arma
765 1309 802 1357 ac,
820 1292 842 1347 si
856 1310 898 1347 res
914 1297 1015 1363 poscat,
1034 1311 1101 1347 exer-

307 1370 381 1437 citus,
393 1369 529 1441 plurimum
540 1368 652 1424 virorum
663 1387 835 1441 equorumque
841 1391 849 1436 3
868 1373 895 1423 et
909 1369 1101 1441 quiescentibus

307 1446 393 1503 eadem
406 1447 480 1503 sama.

262 1522 302 1579 86
341 1525 375 1579 Iu
385 1524 464 1579 iaterc
477 1523 636 1579 Chaucorum
648 1522 849 1594 Chattorumque
861 1521 987 1577 Cherusci
998 1524 1101 1579 nimian
1135 1549 1136 1594 p

308 1620 337 1657 ac
352 1608 505 1657 marcentem
521 1600 566 1655 diu
581 1619 669 1671 pacem
684 1600 814 1656 illaccaaiti
827 1600 982 1655 nutrierunt.
1022 1601 1102 1667 ldquc
1136 1623 1138 1662 i

304 1677 441 1749 jucundius
461 1696 536 1749 quam
553 1678 636 1733 tutius
657 1677 715 1746 fuit,
734 1677 793 1749 quis
812 1677 879 1732 inter
896 1676 1059 1746 impotentes
1078 1682 1101 1732 et
1137 1695 1138 1726 i

307 1755 402 1811 validos
420 1755 483 1809 falso
504 1754 633 1825 quiescas:
653 1754 696 1810 ubi
716 1773 793 1811 mauu
813 1754 905 1825 agitur,
923 1753 1056 1811 modestia
1076 1774 1102 1811 ae
1138 1787 1139 1792 κ

260 1846 263 1859 '
285 1832 419 1904 2probitas
440 1832 541 1887 numius
564 1832 700 1903 superioris
721 1836 789 1887 sunt.
826 1833 869 1887 Ita
890 1830 935 1901 qui
955 1831 1021 1887 oiim
1046 1832 1103 1887 boui

307 1908 422 1979 sequique
445 1907 575 1976 Cherusci,
599 1926 668 1964 nuuc
690 1909 785 1964 inertes
808 1926 839 1963 ac
853 1906 935 1974 ‘stulti
958 1915 1102 1965 vocantur:

307 1985 409 2041 Chattis
420 1983 559 2041 victoribus
575 1984 679 2039 fortuna
689 1985 717 2041 iu
727 1985 877 2056 sapientiam
889 1984 977 2039 cessit
1018 1987 1105 2041 Tracti

309 2064 382 2121 ruina
399 2064 585 2119 Cheruscorum
605 2067 631 2117 et
650 2062 718 2127 Fosi,
737 2062 894 2117 contermina
912 2079 994 2132 gens:
1016 2062 1105 2117 adver·

308 2162 391 2198 sarum
408 2160 492 2197 rerum
507 2158 540 2195 eu
555 2157 627 2211 aquo
642 2139 706 2194 socii
720 2143 789 2204 sunt,
804 2156 863 2193 cum
877 2138 905 2193 iu
918 2139 1043 2195 secundis
1058 2141 1105 2195 rui·

309 2239 382 2275 nores
394 2219 510 2275 fuissent.

265 2297 302 2354 37
345 2296 462 2351 Eundem
480 2292 619 2351 Germanic
636 2292 720 2347 sinum
744 2291 852 2363 proximi
874 2291 978 2347 Oceano
1005 2292 1104 2349 Cimbri

309 2378 406 2440 tenent,
418 2390 494 2443 parva
505 2388 572 2425 nunc
584 2370 681 2435 civitas,
697 2367 743 2423 sed
753 2368 835 2440 gloria
850 2369 950 2439 iugens.
986 2368 1104 2425 Veteris·

311 2468 360 2520 que
380 2450 453 2505 famae
475 2448 527 2503 iata
549 2446 658 2517 vestigia
680 2451 790 2514 manent,
810 2451 919 2516 utraque
939 2445 997 2515 ripa
1019 2453 1104 2502 castra

311 2544 340 2580 ac
356 2525 444 2595 spatia,
457 2543 563 2596 quorum
577 2523 674 2577 ambitu
688 2541 756 2577 nunc
770 2540 870 2594 quoque
881 2522 994 2577 metiaris
1009 2523 1104 2579 molem

289 2612 449 2670 tmauusque
460 2601 552 2671 gentis,
569 2606 596 2653 et
608 2604 661 2654 tam
672 2600 759 2671 magui
770 2600 856 2654 exitus
868 2597 951 2653 fidem.
988 2598 1105 2655 Sexcew

310 2678 428 2733 tesimum
441 2680 467 2729 et
480 2674 699 2746 quadragesimum
714 2695 808 2731 aunum
820 2674 881 2729 urbs
898 2678 986 2730 nostra
998 2677 1102 2747 agebat,

311 2751 497 2820 cumprimum
519 2752 679 2807 Cimbrorum
703 2754 790 2808 audita
813 2761 874 2807 suut
897 2770 974 2816 anua,
1000 2754 1104 2809 Ctediio

310 2826 417 2880 Metello
441 2844 470 2879 ac
493 2826 594 2894 Papirio
619 2828 735 2883 Carbone
755 2828 908 2884 consulibus.
943 2828 985 2883 Ex
1006 2832 1102 2900 quosi

310 2902 468 2955 adulterum
488 2900 645 2970 imperatoris
667 2905 769 2974 ibajaui
789 2906 949 2960 consulatum
968 2914 1103 2976 compute·

288 2982 302 3027 3
310 2994 373 3043 urus,
383 2974 487 3031 ducenti
498 2975 576 3029 fernae
588 2982 615 3031 et
627 2979 713 3035 decem
722 2982 782 3035 anni
791 2982 951 3052 colliguntur.
982 2981 1049 3037 'i'am
1058 2983 1102 3037 diu
