2575 3592
196 479 223 517 Δ
234 476 313 524 Μ]
370 412 622 461 HISTORIARUM
640 410 692 459 111.
710 412 772 459 66-
774 412 812 459 69.
940 410 986 458 145

194 526 287 582 urbem
310 524 379 581 exire
402 524 465 580 de
457 524 570 613 rnrperio
605 522 679 579 Nihil
702 522 753 578 tulo
775 524 899 593 viderunt,
922 525 986 581 nihil

195 602 337 658 uudierunt
380 602 561 673 Repentino
536 621 576 658 vus
588 601 735 657 dictatorem
750 600 875 656 Cursarem
886 611 1016 671 oppres-2

195 684 275 746 serat,
255 680 406 736 tonenltu
436 680 527 735 Ouium
547 679 662 744 insidiu;
689 696 741 733 mx
761 682 788 735 et
808 678 925 750 ignotum
945 696 990 733 rus

195 760 285 830 iugum
300 757 412 813 Neronis
429 756 628 823 absconderunt3
647 756 707 811 Piso
726 758 753 811 et
773 756 853 811 Golbu
869 770 990 827 tunquam

195 837 225 892 in
249 835 304 891 acie
326 834 447 891 cecidere.
492 834 526 889 In
552 852 599 889 suu
621 833 742 889 concione
765 833 893 899 Vitellius,
923 833 1015 889 inter-⁰·

196 930 259 968 suos
275 912 378 977 milites,
396 910 618 982 prospectantibus
642 910 718 965 etium
737 910 844 976 fominus,
866 928 947 983 peuce
963 914 991 964 et

195 990 319 1061 presenti
329 988 459 1045 maestitise
475 987 643 1057 congruentia
656 986 765 1052 locutus,
779 987 868 1043 cedere
883 1006 911 1043 se
921 989 992 1059 psois

196 1073 225 1123 et
242 1066 388 1138 reipublice
404 1066 654 1121 ceusu—retmerent
666 1070 767 1119 tuntum
784 1068 930 1121 memorium
942 1066 990 1131 sui,

196 1146 355 1216 fratremque
367 1148 395 1200 et
406 1144 540 1215 conjugem
551 1148 579 1198 et
593 1143 724 1198 innoxiam
739 1142 874 1198 liberorum
891 1149 992 1199 urtstern

197 1223 423 1288 misererentur-7
436 1220 511 1277 srmul
526 1220 606 1275 tilium
622 1218 783 1291 protendens,
797 1220 871 1276 modo
884 1221 992 1293 singulis
1016 1250 1019 1255 ·

197 1300 275 1356 modo
298 1297 425 1353 universis
447 1296 634 1361 commendans,
659 1302 788 1368 postremo
812 1298 876 1351 fletu
898 1316 992 1369 prsepc

199 1377 296 1440 diente,
315 1374 449 1431 adsistenti
466 1374 565 1432 consuli
584 1373 715 1444 (cecilius
733 1373 845 1445 Simplex
863 1379 937 1443 erut)
949 1392 992 1429 er·

200 1453 316 1508 solutum
336 1470 353 1507 u
372 1451 449 1507 lutere
468 1452 615 1523 pugionem,
632 1450 703 1507 velut
723 1454 769 1521 jus
791 1452 861 1507 necis
884 1452 995 1522 situque

201 1529 304 1593 civium,
325 1528 453 1585 reddebat.
488 1532 650 1599 Aspernunts
669 1528 779 1596 oonsule‚
799 1528 1018 1585 reclamantibust

202 1606 248 1678 qui
265 1606 292 1661 in
308 1605 428 1663 concione
445 1605 607 1674 adstiterunt,
622 1609 655 1660 ut
672 1604 699 1659 in
716 1604 769 1660 sede
788 1605 937 1661 Concordisc
950 1624 993 1677 po-

201 1685 299 1739 siturus
322 1682 431 1751 iusignia
453 1683 561 1753 imperii,
580 1682 735 1753 dorsumque
757 1682 843 1739 fratris
864 1684 992 1755 petiturus

200 1761 326 1817 discessit.
361 1760 448 1831 Major
471 1760 513 1815 bio
532 1760 627 1816 clumor
651 1758 829 1815 obsistentium
858 1760 1017 1833 penutibnss

199 1839 316 1909 privatis,
338 1838 365 1894 in
389 1836 518 1893 Pslutinun
536 1837 689 1893 nocentium.
734 1837 905 1895 Interclusurn
925 1839 994 1894 uliud

199 1916 258 1981 iter,
283 1915 363 1986 idque
390 1914 473 1971 solum
503 1913 571 1985 quod
598 1915 627 1969 in
657 1914 759 1969 Sacrum
783 1916 850 1973 riam
876 1919 995 1989 pergeret

200 1992 314 2064 putebut.
350 1994 417 2047 num
428 1991 528 2047 consilii
539 1992 614 2063 inops
623 1992 652 2048 in
669 1992 797 2048 Palatium
808 1994 891 2049 rediit.
927 1994 1017 2057 Pru-e

201 2076 308 2125 venerut
323 2086 411 2125 rumor
429 2069 524 2138 ejurari
544 2069 575 2125 eb
596 2087 627 2125 eo
647 2069 789 2140 inperium,
810 2075 996 2142 scripseratque

201 2145 308 2201 Florius
320 2145 431 2202 Sabinus
442 2146 584 2203 cohortium
601 2146 714 2202 tribunis
731 2151 761 2201 nt
779 2148 884 2203 militem
896 2147 997 2202 oohibe·

202 2226 271 2279 rent
306 2223 392 2311 Igitur
407 2228 529 2293 tanquam
548 2226 630 2280 omnis
648 2222 815 2294 respublica
807 2244 835 2279 ιιι
846 2224 1041 2295 Vespasianieo

202 2301 290 2357 sinum
310 2300 435 2364 cessisset,
457 2300 582 2371 primores
599 2306 672 2357 senat
673 2320 705 2355 uu
723 2306 751 2355 et
771 2302 885 2373 plerique
908 2318 1019 2373 eques·

200 2378 253 2433 tris
267 2376 363 2432 ordinis
379 2378 513 2448 ornusque
527 2378 599 2434 miles
614 2381 728 2437 urbanus
744 2384 771 2435 ct
787 2379 878 2450 vigiles
894 2378 997 2433 domum

202 2455 287 2510 Fluvii
308 2454 396 2510 Sebini
415 2454 580 2525 complevere
617 2458 683 2514 Illuc
705 2459 785 2514 det
760 2456 852 2513 studiis
876 2456 947 2529 vulgi
970 2460 997 2512 et

183 2558 190 2570 ·
202 2533 280 2587 minis
292 2532 499 2589 Gnmancanm
514 2533 658 2589 cohortium
672 2536 785 2591 affertur.
821 2534 935 2606 Longius
944 2535 1019 2607 junna

140 2627 143 2636 ·
203 2627 355 2681 progressus
373 2613 429 2665 erut
445 2628 521 2681 qnam
537 2615 568 2664 ut
584 2612 685 2683 regredi
700 2615 803 2685 posset3
824 2614 850 2667 et
868 2630 914 2667 sno
930 2613 998 2681 quis·

205 2704 257 2755 que
271 2691 349 2750 metu,
367 2704 400 2741 nc
415 2686 536 2756 disjectos
553 2706 635 2760 eoque
650 2689 735 2745 minus
752 2688 849 2745 vulidos
866 2688 998 2745 Vitelliani

205 2767 421 2829 consectarentur,
434 2768 597 2819 cunctantem
607 2766 635 2820 in
650 2785 719 2825 urmu
730 2766 899 2839 impellebant
939 2764 996 2830 Sed,
1006 2784 1020 2829 3

205 2839 277 2911 quod
292 2840 321 2895 in
333 2840 458 2911 ejusmodi
472 2841 549 2897 rebus
565 2843 665 2909 eccidit,
684 2844 816 2900 consilium
833 2842 868 2897 sb
881 2840 998 2897 omnibus

204 2917 297 2975 dutum
317 2923 365 2983 est,
385 2918 527 2989 pericrdum
546 2921 622 2990 puuci
641 2939 780 2991 sumpsere.
822 2920 896 2973 Oinoe
914 2916 998 2973 lucum

204 2994 326 3050 Fundani
347 2994 567 3061 descendentibus,
591 2997 636 3067 qui
660 2998 781 3053 Subirrm
804 2992 1000 3060 multabuntur,

239 3082 298 3121 nc„
307 3086 363 3116 1¹01·
374 3086 401 3117 11·
528 3098 531 3101 ’
595 3096 612 3133 L
