2575 3592
194 442 216 481 a
234 440 254 481 D
271 436 315 486 Μ
358 376 609 426 maronianum
627 376 679 423 111.
699 357 802 426 aa-'aa
938 377 982 427 127

229 492 266 544 At
278 488 404 553 Vitellius,
417 487 530 558 proiecto
543 487 650 552 (lecina,
663 505 719 541 oum
734 486 840 541 Fabium
852 487 984 542 Valentem
995 486 1031 536 36

192 566 282 637 paucis
293 569 352 635 post
361 564 448 619 diebus
457 564 489 617 ad
500 564 593 619 bellum
606 564 756 634 impulisset,
765 566 832 619 curis
843 564 930 619 luxum
943 565 986 619 ob-

191 641 322 697 tendebat.
358 642 420 697 Non
437 660 525 713 parare
537 659 613 704 arma
625 659 676 695 uon
692 640 800 711 alloquio
815 642 986 713 exercitioque

191 718 298 776 militem
311 719 417 783 firmare,
427 736 479 772 non
489 718 517 772 in
528 736 572 771 ore
583 718 655 789 vulgi
667 736 741 789 agere
753 737 760 783 ;
778 718 823 773 sed
834 718 986 774 umbraculis

190 798 326 851 hortorum
338 795 439 850 abditus
452 799 494 863 (ut
512 794 603 865 ignara
621 795 745 861 animalia,
759 795 851 866 quibus
869 796 891 851 si
903 797 986 852 cibum

191 891 324 945 suggeras,
331 873 416 943 jacent
425 873 598 943 torquemque)
606 873 742 943 praeterita,
751 873 879 939 instantia,
891 874 984 941 futura,

191 951 251 1022 pari
262 950 387 1004 oblivione
397 949 535 1003 dimiserat.
559 950 645 1019 Atque
658 949 726 1003 illum
737 950 873 1005 innemorc
883 950 1010 1005 Arioin02
1104 994 1111 1005 .

193 1026 306 1081 desidem
319 1030 345 1082 et
356 1030 510 1081 marcentem
519 1024 628 1095 proditio
640 1026 733 1081 Lucilii
746 1026 828 1092 Bassi,
839 1045 868 1083 ac
878 1027 985 1083 deiectio

193 1104 283 1159 classis
295 1104 452 1159 Ravennatis
464 1102 581 1173 perculit.
612 1104 637 1155 N
639 1121 668 1157 ec
679 1104 760 1158 multo
772 1107 830 1174 post
842 1103 874 1159 de
887 1104 1010 1161 Caecinass

194 1182 302 1235 affertur
315 1180 413 1233 mixtus
429 1178 522 1250 gaudio
538 1178 616 1244 dolor,
633 1184 661 1233 et
675 1178 809 1235 descivisse
825 1184 851 1235 et
868 1180 899 1236 ab
915 1198 986 1236 crer-

195 1259 252 1311 citu
273 1257 395 1311 vinctum.
431 1256 493 1310 Plus
516 1254 584 1325 apud
611 1255 740 1310 socordem
764 1257 874 1311 smmum
897 1258 1011 1318 letitiae

196 1352 275 1403 quam
292 1352 353 1388 cura
369 1332 457 1387 naluit.
492 1332 579 1387 Multa
596 1350 653 1387 cum
669 1333 837 1388 exsultatione
854 1334 881 1389 in
898 1335 986 1389 urbem

196 1415 323 1476 revectus,
336 1409 463 1479 frequenti
474 1409 600 1474 concione,
614 1410 735 1479 pictatem
748 1410 856 1465 militum
869 1410 985 1467 laudibus

199 1488 321 1541 cumulat.
363 1486 480 1541 Publium
499 1485 627 1559 Sabinum,
647 1486 758 1556 praetorii
776 1488 931 1556 praefectum,
954 1488 986 1543 ob

199 1562 335 1618 amicitiam
347 1563 453 1619 Caecinae
464 1562 553 1617 vinciri
558 1562 641 1632 jubet,
652 1563 791 1620 substituto
803 1564 920 1619 inlocum
931 1565 986 1635 ejus

197 1640 301 1695 Alienio
311 1640 389 1695 Varo.
424 1640 490 1694 Mox
502 1644 625 1704 senatum,
639 1640 777 1710 composita
788 1640 815 1695 iu
827 1641 986 1712 magnificen-
996 1639 1033 1698 37

197 1718 261 1772 tiam
273 1718 394 1780 oratione,
404 1716 536 1784 allocutus,
543 1716 677 1787 exquisitis
690 1721 788 1787 patrum
802 1717 986 1773 adulationibus

197 1795 331 1850 attollitur.
368 1794 474 1848 Initium
486 1794 579 1848 atrocis
594 1793 622 1847 in
639 1793 763 1849 Cacinam
779 1796 910 1851 sententia
926 1796 985 1851 aL.

197 1872 304 1927 Vitellio
323 1872 435 1937 iactum3
454 1870 513 1925 dein
533 1870 627 1934 caeteri,
649 1872 787 1941 composita
806 1872 986 1944 indignatione,

198 1949 268 2020 quod
297 1948 386 2005 consul
414 1946 601 2019 rempublicam,
625 1947 678 2001 dux
701 1948 883 2019 imperatorem,
907 1950 972 2005 tanti

198 2026 298 2095 opibus,
315 2029 355 2079 tot
372 2024 517 2089 honoribus,
534 2028 686 2093 cumulatus,
703 2024 809 2080 amioum
827 2026 985 2097 prodidisset,

199 2102 272 2157 velut
283 2121 328 2173 pro
341 2101 443 2157 Vitellio
461 2106 651 2172 conquerentes,
664 2120 737 2156 suurn
755 2102 863 2157 dolorem
876 2104 986 2173 profere-

198 2178 271 2233 bant.
314 2178 395 2233 Nulla
417 2178 445 2233 in
464 2179 577 2233 oratione
601 2179 749 2249 cujusquam
773 2198 832 2249 erga
855 2178 1009 2235 Flavianos2

198 2254 280 2309 duces
303 2254 469 2310 obtrectatio:
496 2273 605 2309 errorem
627 2255 870 2327 imprudentiamque
893 2254 987 2311 enerci-

190 2337 275 2402 *tuum
288 2331 424 2402 culpantes,
432 2331 582 2402 Vespasiani
590 2350 681 2386 nornen
695 2332 810 2403 suspensi
818 2336 844 2385 33
856 2331 988 2387 vitabundi

190 2408 374 2474 circumibant.
409 2409 466 2464 Nec
489 2407 570 2463 defuit
593 2409 637 2479 qui
660 2428 738 2463 unum
757 2409 902 2466 consulatus
921 2410 987 2467 diem

192 2487 235 2557 (is
247 2486 313 2541 enim
326 2485 444 2539 inlocum
456 2485 561 2539 Caecina
577 2486 728 2555 supererat)
739 2504 829 2557 magno
842 2506 898 2543 oum
911 2488 987 2543 irrisu

198 2563 336 2617 tribuentis
348 2562 544 2632 accipientisque
555 2561 732 2618 eblandiretur.
763 2563 848 2619 Pridie
860 2564 987 2620 Kalendas
998 2572 1012 2617 8

200 2639 358 2695 Novembres
370 2639 465 2693 Rosius
478 2638 591 2709 Regulus
602 2639 660 2695 iniit
674 2640 838 2711 ejuravitque.
875 2643 988 2697 3333333-

201 2716 265 2771 bmrt
280 2716 360 2787 periti,
374 2734 504 2787 nunquam
520 2721 602 2781 antea,
621 2734 674 2770 non
691 2716 812 2789 abrogato
830 2720 989 2789 magistratu,

200 2811 284 2863 neque
295 2792 350 2865 lege
360 2792 420 2858 latu,
433 2792 509 2847 alium
521 2794 664 2847 suffectum.
701 2794 768 2848 Nam
786 2795 873 2849 consul
885 2812 935 2847 uno
948 2793 988 2848 die

200 2875 229 2925 et
248 2873 306 2923 autc
322 2870 406 2925 iuerat
424 2870 546 2924 Caninius
563 2868 678 2934 Rebilus,
698 2869 727 2924 O.
741 2870 840 2925 Casarc
857 2868 988 2935 dictatore,

201 2964 261 3002 cum
273 2944 331 3002 belli
342 2946 421 3003 civilis
433 2946 537 3017 premia
548 2945 736 2999 festinareutur.
