2575 3592
213 512 239 553 L
248 512 275 553 D·
284 511 327 562 m
381 449 633 501 HISTORIARUM
651 448 702 498 III.
719 451 822 500 59-62,
945 444 989 493 141

211 565 372 630 tentatores,
390 562 413 617 si
429 562 615 636 desperassent.
650 561 729 617 Initia
744 560 865 617 bellorum
883 560 996 617 civilium

210 640 322 695 romans
343 640 526 711 permittenda:
555 638 687 694 rintoriam
709 638 819 694 oonsiliis
844 641 871 693 et
897 638 995 695 rationo

209 714 304 785 perfici
351 715 410 770 Jam
432 717 604 771 Misenensem
626 715 731 771 alassem
753 718 779 772 et
802 714 1017 787 pulcherrimam

210 790 356 863 Gampanioe
372 810 443 847 oram
460 792 608 858 deaoirissa3
624 810 673 847 neo
690 791 746 863 plua
763 810 779 847 e
795 794 852 847 toto
868 796 995 848 terrarum

209 866 272 923 orba
286 867 412 940 reliquum
433 868 541 923 Vitellio
563 887 639 940 quam
659 867 727 939 quod
745 868 813 923 iuter
835 868 994 924 Tarracinam

209 943 383 1016 Narniamque
401 944 492 1014 jaoeat.
527 946 594 1000 Satis
614 944 701 1016 gloria
722 944 808 1016 praelio
831 944 993 1001 Cremonensi

208 1026 318 1090 partum
334 1025 362 1076 et
377 1020 457 1075 exitio
472 1020 602 1076 Oremonae
615 1021 721 1076 nimium
737 1020 844 1076 invidia.
880 1022 922 1077 Ne
934 1034 1014 1079 oon-5

198 1092 362 1164 oupisoerent
373 1090 484 1145 Romam
496 1107 587 1161 eapero
604 1090 691 1163 potius
703 1108 778 1162 quam
790 1109 899 1148 servare.
934 1092 993 1147 Ma·

195 1173 257 1241 jora
275 1170 326 1225 illis
345 1166 458 1240 praemia,
476 1172 504 1224 at
522 1168 604 1224 multo
621 1169 762 1225 maximum
782 1169 867 1238 deors,
883 1170 906 1226 si
923 1170 993 1226 ineo·

198 1246 345 1303 lumitatem
365 1245 467 1301 mnetui
488 1245 634 1319 populoque
655 1246 772 1303 Romano
793 1248 848 1304 sine
868 1248 992 1321 sauguine

199 1325 365 1395 quesissent.
393 1322 446 1379 His
457 1340 487 1379 aa
497 1322 592 1380 talibus
603 1323 716 1395 mitigati
726 1323 812 1380 animi.
842 1324 900 1381 Neo
911 1325 992 1381 multo
999 1324 1035 1383 61

201 1404 262 1473 post
280 1398 393 1471 legiones
404 1418 506 1457 nonme.
541 1401 577 1456 nt
594 1404 693 1457 terrore
709 1401 827 1474 famaque
838 1402 908 1459 auoti
919 1420 992 1459 exsr-

200 1478 270 1533 eitus
290 1476 435 1534 Vitellianae
457 1478 577 1535 oohortes
600 1477 735 1547 nutabant,
754 1479 825 1535 nullo
848 1479 876 1535 in
899 1480 994 1537 beilum

200 1554 361 1621 adhortante,
373 1554 461 1611 multis
478 1554 512 1612 ad
527 1556 714 1624 transitionem,
728 1556 772 1629 qui
787 1575 847 1613 suaa
864 1558 993 1614 neptunias

199 1635 349 1705 turmasque
363 1631 473 1701 madere
490 1632 586 1689 donum
596 1633 697 1699 viatori,
710 1637 737 1689 at
753 1634 803 1691 eibi
819 1636 848 1691 in
862 1639 993 1707 posterum

201 1706 320 1777 gratiam,
331 1706 471 1763 portabant.
504 1706 557 1761 Per
566 1724 611 1761 eos
621 1707 752 1777 oognitum
763 1711 803 1763 est
817 1708 989 1764 Interamnam
1000 1711 1015 1756 2

200 1783 327 1854 proximis
349 1783 445 1854 eampis
467 1782 585 1855 prasidio
608 1782 850 1855 quadringentorum
875 1786 990 1857 equitum

200 1859 292 1916 teneri.
326 1860 426 1917 Missua
445 1859 572 1932 extemplo
592 1860 678 1915 Varus
698 1878 756 1915 oum
776 1860 894 1933 expedita
912 1880 989 1917 manu

200 1954 296 2007 pauoos
307 1937 505 2008 repugnantium
515 1936 656 2003 interiecit3
674 1936 767 2007 plures,
780 1938 887 2010 abjeotis
903 1940 988 2004 armis,

200 2013 301 2068 reniam
326 2014 449 2085 petivere.
484 2012 594 2075 Quidam
617 2014 646 2069 in
672 2018 757 2069 omtra
784 2015 868 2087 refugi
897 2020 1013 2071 cunetae

201 2088 335 2145 formidine
345 2090 493 2161 implebat,
504 2088 621 2161 sugendo
631 2090 775 2146 rumoribus
786 2092 909 2147 virtutem
920 2092 990 2162 oopi-

200 2182 280 2236 esque
298 2166 417 2233 hostium,
437 2184 488 2239 quo
505 2166 592 2226 amiaai
608 2166 720 2239 presidii
741 2166 849 2225 dodonus
870 2167 987 2225 lenirem.

199 2240 259 2297 Nao
281 2242 333 2297 ulla
353 2244 422 2315 apud
444 2244 594 2300 Vitellianos
616 2244 710 2316 flagitii
732 2263 813 2317 poena,
832 2249 859 2301 et
876 2244 989 2316 praemiis

198 2316 356 2375 defeotorum
370 2338 443 2376 versa
456 2320 528 2386 fides,
545 2338 576 2376 ao
589 2320 714 2391 reliquum
730 2320 839 2393 perfidiae
851 2325 988 2379 conamen.

197 2393 298 2450 Crebra
312 2396 455 2469 manaiugia
470 2396 629 2453 tntunorum
649 2397 883 2469 oenturionumque.
918 2399 1012 2456 Nema

194 2477 330 2551 gregarius
347 2476 421 2532 miles
435 2475 586 2532 induruerat
602 2493 650 2548 pro
661 2476 774 2545 Vitellio,
790 2479 870 2537 donee
884 2482 989 2543 Prisous

194 2559 224 2611 et
234 2553 362 2620 alienius,
374 2552 483 2609 (leaenis
500 2552 600 2620 aratris,
616 2553 651 2609 ad
665 2553 799 2612 Vitellium
816 2562 927 2632 regressi
941 2582 989 2636 pu.

195 2631 259 2689 dora
269 2630 421 2703 proditionis
432 2636 540 2686 nunotos
551 2629 720 2687 exsolverent.

231 2706 328 2765 Iisdem
354 2707 445 2765 diebus
469 2706 564 2764 Fabius
587 2707 684 2765 Valens
707 2708 802 2767 Urbini
823 2710 851 2769 in
873 2714 1034 2776 ommdiaaa
1150 2728 1151 2765 i

197 2785 357 2843 mamaea.
392 2784 480 2857 ceput
494 2783 551 2856 ejas
563 2783 709 2843 inanimis
720 2787 868 2845 oohortibus
876 2796 989 2848 ostenta·

193 2871 394 2935 tumusquam
408 2861 562 2933 ultraapem
576 2860 710 2921 soverent:
727 2882 787 2921 num
804 2866 945 2937 pervasisse
960 2869 989 2926 iu

195 2938 347 2999 Gemonias
356 2938 493 2996 Veientem
503 2945 532 2994 et
541 2941 643 2996 vetares
654 2940 706 2998 illio
717 2960 847 3015 novosque
859 2944 988 3002 exereitus

195 3017 266 3078 aare
281 3016 430 3089 medebam.
462 3014 529 3073 visa
549 3014 619 3073 eade
640 3017 670 3076 in
690 3018 891 3093 rapotonem
912 3022 1010 3080 amaia
