2575 3592
322 420 370 469 124
656 418 773 465 TAClTl

953 480 988 529 [Δ.
999 480 1028 519 11.
1038 482 1062 520 0.
1073 480 1118 522 m

297 535 384 588 neat.
429 529 496 602 Bapi
524 530 595 601 ignes
620 531 747 585 Antonius
775 529 912 600 inferrique
938 532 1120 586 amaenissimis

322 614 396 663 cutm
418 608 506 663 urbem
530 607 641 662 aediliciis
657 607 738 679 jubet,
758 608 780 662 si
798 608 889 661 demum
906 624 993 661 rerum
1012 626 1119 663 suarum

322 689 506 742 Cremonenses
528 686 560 741 ad
585 686 730 740 mutandam
753 686 826 741 fidem
846 685 1019 741 traherentur.
1058 688 1120 742 Pro

321 766 417 836 pinque
438 766 522 818 muris
536 769 612 831 tecta,
630 768 658 818 et
676 764 835 819 altitudinem
859 764 980 819 moenium
1005 782 1118 836 egressa,

321 842 459 897 fortissimo
469 859 573 914 quoque
584 841 693 896 militum
711 842 837 912 complet;
855 840 892 895 illi
907 840 1027 897 trabibus
1043 851 1119 913 tegu-

276 919 403 990 allisque
424 923 451 974 et
471 920 569 974 facibus
588 924 789 990 propugnatores
813 917 959 973 deturbant.
996 919 1061 973 Jam
1086 921 1120 973 le-

321 997 410 1067 giones
421 996 448 1051 in
459 996 614 1052 testudinem
626 996 838 1067 glomerabantur,
850 1000 877 1050 et
889 996 931 1050 alii
941 995 995 1050 tela
1006 1014 1120 1067 saxaque

321 1073 486 1138 incutiebant,
511 1092 569 1128 cum
589 1074 753 1143 languescere
774 1074 899 1143 penulatim
918 1073 1120 1128 Vitellianorum

298 1151 406 1210 aarum.
443 1151 481 1206 Ut
505 1152 561 1222 quis
579 1151 668 1205 ordine
689 1150 809 1216 anteibat,
828 1150 918 1207 cedere
935 1150 1057 1217 fortunae,
1081 1170 1119 1217 ne,

323 1228 447 1283 Cremona
458 1246 558 1301 quoquo
569 1228 661 1293 excisa,
674 1228 744 1283 nulla
760 1228 828 1283 ultra
839 1228 920 1293 venia,
933 1228 1072 1299 omnisque
1084 1231 1121 1282 ira

321 1304 425 1360 victoris
436 1323 489 1361 non
500 1306 527 1360 in
536 1305 628 1375 vulgus
640 1307 714 1379 inops
726 1304 771 1360 sed
780 1306 806 1359 in
818 1305 934 1361 tribunos
943 1306 1120 1361 centuriones

297 1394 379 1454 tque,
398 1383 442 1438 ubi
459 1383 570 1454 pretium
588 1383 663 1438 cadis
681 1388 743 1448 erat,
761 1387 938 1437 reverteretur.
976 1382 1119 1454 Gregauiiis

322 1460 403 1526 miles,
424 1460 506 1515 futuri
526 1478 611 1515 socors
629 1464 657 1515 et
680 1459 839 1531 ignobilitate
862 1460 951 1525 tutior,
974 1460 1118 1530 perstabat.

321 1538 390 1609 Vagi
402 1556 447 1609 per
460 1537 520 1603 rias,
533 1538 558 1593 in
572 1536 689 1593 domibus
701 1536 789 1604 abditi,
800 1554 888 1609 pacem
900 1554 932 1591 ne
944 1540 1002 1591 tum
1015 1538 1119 1608 quidem

322 1616 428 1670 orabant
446 1633 505 1669 curn
522 1614 615 1670 bellum
632 1616 785 1686 posuissent.
822 1614 949 1669 Primores
973 1620 1119 1669 castrorum

298 1705 415 1749 tuamen
438 1696 515 1763 atque
537 1691 661 1764 imagines
686 1691 783 1747 Vitellii
807 1691 967 1746 amoliuntur.
1007 1692 1119 1746 (latenas

323 1770 430 1825 Caecina
440 1769 509 1839 (narn
520 1770 598 1824 etiam
609 1774 667 1825 tum
677 1769 780 1825 vinctus
792 1768 867 1837 erat)
877 1768 1022 1833 exsolvunt,
1033 1776 1120 1825 orant·

323 1865 372 1917 que
392 1852 423 1901 ut
440 1864 522 1901 causa
540 1865 593 1901 sua
610 1846 759 1917 deprecator
778 1845 893 1900 adsistat.
929 1849 1119 1917 Aspernantcm

322 1928 514 1995 tumentemque
537 1924 647 1979 lacrimis
670 1924 788 1995 fatigant,
813 1928 954 1979 extremum
983 1924 1118 1988 mulorum,

299 2006 363 2062 etot
381 2001 512 2056 fortissimi
534 2002 583 2056 viri
606 2001 742 2073 proditoris
763 2018 836 2073 opem
860 2001 1016 2056 invocantes.
1055 2002 1120 2055 Mor

323 2079 464 2134 velmnenta
476 2084 502 2134 et
514 2079 607 2134 infulas
624 2098 671 2150 pro
683 2080 761 2134 muris
778 2083 916 2134 ostentant.
953 2078 1020 2133 orm
1037 2080 1120 2133 Anto·

322 2158 381 2213 nius
398 2156 507 2213 inhiberi
523 2156 576 2211 tela
587 2157 715 2228 jussisset,
734 2157 808 2227 signa
823 2156 969 2227 aquilasque
982 2156 1118 2211 extulere:

323 2239 439 2290 maestum
458 2235 591 2290 inermium
613 2252 712 2305 agmen,
733 2233 838 2304 dejectis
861 2233 888 2287 in
910 2238 1006 2287 terrain
1029 2235 1119 2299 oculis,

300 2312 484 2384 bsequebatur.
521 2311 743 2367 circumstiterant
756 2310 872 2377 victores,
886 2314 912 2366 et
926 2310 1009 2379 primo
1020 2310 1120 2382 ingere·

324 2389 386 2444 bant
406 2391 506 2460 probra,
526 2389 687 2445 intentabant
707 2389 790 2443 ictus:
811 2406 875 2454 mox,
898 2392 928 2442 ut
946 2388 1056 2458 praeberi
1076 2406 1120 2441 ora

324 2466 490 2532 contumeliis,
508 2471 542 2532 et,
562 2467 645 2538 posita
656 2466 724 2521 omni
742 2466 842 2531 ferocia,
856 2470 948 2521 cuncta
962 2464 1024 2520 victi
1038 2468 1120 2536 patie-

324 2543 425 2608 bantur,
444 2544 672 2599 subit-recordatio
690 2544 745 2598 illos
763 2562 819 2598 esse
837 2543 881 2615 qui
901 2560 983 2613 nuper
1000 2542 1120 2597 Bedriaci

299 2621 437 2676 lvictoriae
453 2621 647 2690 temperissent.
684 2619 734 2675 Sed
751 2620 795 2675 ubi
814 2620 914 2675 Caecina
928 2622 1059 2691 pretenta
1076 2620 1120 2674 lic-

324 2696 473 2767 toribusque
484 2697 597 2767 insignis,
611 2697 708 2751 dimota
721 2697 803 2763 turba,
817 2696 905 2752 consid
920 2697 1032 2761 incessit,
1048 2716 1120 2752 exar-

326 2792 381 2829 sere
394 2773 519 2827 victores:
538 2774 679 2843 superbiam
693 2774 872 2845 scribamque,
885 2774 959 2844 (adeo
971 2774 1054 2831 inrisa
1069 2792 1121 2828 sce-

326 2850 379 2903 lera
397 2851 476 2916 sunt)
494 2849 574 2913 etiam,
588 2851 717 2921 perfidiam
736 2850 904 2921 objectabant.
941 2850 1055 2907 Obstitit
1068 2856 1120 2907 An-

326 2927 420 2989 tonius,
433 2925 549 2995 datisque
561 2924 743 2993 defensoribus,
754 2927 785 2981 ad
798 2928 981 2999 Vespasianum
995 2928 1102 2983 dimisit.

281 3014 317 3069 32
361 3002 437 3057 Plebs
455 3001 557 3056 interim
575 3002 782 3058 Cremonensium
800 3005 997 3061 interamnates
1019 3008 1122 3061 condic·
