2575 3592
306 420 353 469 lso
642 421 762 470 ulem

930 483 964 531 [Δ.
974 483 1002 523 11.
1011 482 1034 522 (t.
1045 483 1089 523 028.

260 535 386 593 altores.
422 532 485 603 Ipsi,
504 535 534 588 ut
551 536 591 587 est
609 532 702 604 vulgus
719 533 774 588 sine
789 534 889 588 restore
904 550 1024 603 prmoeps,
1046 551 1090 604 pa-

305 610 399 676 vidum,
418 628 511 676 socors,
530 610 684 665 adventante
701 609 790 675 Civile,
808 610 888 681 raptis
904 613 1000 665 temere
1014 612 1092 665 armis

281 698 334 743 2ao
352 688 438 742 statim
454 688 560 753 omissis,
579 688 607 741 in
624 688 713 759 sugam
729 691 874 743 vertuntur.
908 687 962 742 Res
980 686 1093 742 adrem

303 766 454 821 disoordiam
469 784 595 837 peperere,
608 766 640 821 iis
658 766 703 837 qui
716 784 731 821 e
745 765 874 835 superiore
887 766 1004 821 exeroitn
1018 770 1094 821 erunt

303 861 404 897 oausam
423 862 494 897 suam
511 842 714 898 dissociantibus.
750 842 850 897 Vitellii
865 848 952 897 tamen
968 842 1095 913 imagines

302 919 330 975 in
342 920 431 975 eastris
443 924 470 974 et
481 938 527 991 per
538 921 666 991 proximas
682 919 819 990 Belgnrunn
836 919 953 974 civitates
964 920 1094 989 reponitur,

280 1008 361 1053 teum
369 1000 423 1065 jum
435 996 554 1051 Vitellius
566 996 708 1052 occidisset
743 996 812 1051 Dein
822 996 916 1051 mutati
931 996 960 1051 in
971 996 1096 1067 puniten—

303 1073 366 1127 tiam
378 1073 484 1144 primani
499 1074 668 1145 quartanique
682 1077 710 1129 et
726 1071 957 1129 duoderioesimsni
967 1073 1096 1130 Vooulum

304 1156 462 1221 sequnntur3
493 1151 560 1221 apud
583 1169 659 1223 quem
682 1154 813 1221 resumpto
835 1150 988 1221 Vespasiani
1010 1168 1097 1206 suoru-

304 1231 390 1282 mento
403 1228 434 1283 ad
446 1228 601 1283 liberandum
614 1228 774 1299 Mogontiaci
787 1226 914 1283 obsidium
926 1226 1096 1283 duoebantur.

280 1305 480 1359 4Disoesseront
503 1305 656 1370 obsessores,
680 1305 779 1359 mixtus
802 1322 836 1359 ex
858 1304 969 1372 Chattis,
987 1304 1097 1377 Usipiis,

303 1382 435 1437 Mattiacis
453 1382 586 1447 exereitus,
600 1382 718 1437 satietate
729 1380 820 1453 prudu
831 1399 879 1437 neo
890 1382 1027 1437 incruenti
1062 1382 1097 1437 In

303 1459 345 1514 via
360 1459 486 1531 dispersos
500 1464 527 1514 et
541 1459 638 1514 nescios
656 1458 728 1514 miles
745 1463 833 1514 noster
849 1459 986 1514 invaserat.
1024 1459 1098 1518 Quin

301 1542 329 1591 et
346 1537 449 1591 loricam
467 1536 609 1607 nullumque
626 1536 752 1606 pertines
769 1554 829 1591 snos
845 1536 949 1593 lieveri
965 1540 1096 1601 struxere,

302 1614 451 1685 magnisque
463 1614 490 1669 in
501 1614 582 1669 vioem
599 1611 712 1668 cladibus
727 1630 785 1669 cum
802 1613 935 1669 Germanis
950 1612 1098 1673 pertubant.

303 1689 382 1745 donee
406 1690 508 1761 egregia
531 1708 592 1762 erga
616 1688 736 1761 populum
759 1690 903 1745 Romanum
923 1690 1018 1748 merito
1036 1708 1098 1745 mox

302 1766 407 1821 rebelles
420 1766 551 1821 foedarent.

258 1846 295 1899 38
338 1843 441 1897 Interes
453 1844 623 1913 Vespasianus
634 1844 728 1899 iterum
739 1860 769 1897 ao
786 1842 860 1897 'litus
876 1842 1043 1903 oonsnlaturn
1055 1847 1097 1902 ab·

231 1926 295 2009 *ἐξ
304 1924 388 1975 sentes
412 1920 530 1988 inierunt,
554 1926 642 1979 moesta
665 1926 693 1977 et
717 1920 852 1992 multiplici
874 1926 946 1977 metu
969 1941 1099 1995 suspensa

243 1994 288 2057 nsi
304 1998 413 2065 civitate,
426 2016 481 2069 quae
493 2016 569 2069 super
584 2000 708 2054 instantis
721 1998 787 2053 mols
804 1998 882 2053 falsos
900 2016 1009 2069 perores
1022 2002 1098 2057 indu-

252 2068 283 2108 70·
304 2079 365 2141 erat,
379 2074 514 2131 descivisse
531 2076 644 2131 Africam
661 2093 702 2131 res
718 2092 796 2130 novos
813 2076 933 2131 moliente
943 2076 976 2133 L.
990 2078 1098 2135 Pisone

280 2151 331 2207 2Is
350 2158 460 2223 praeerat
482 2154 624 2225 provinciae,
648 2170 807 2223 nequaquam
830 2152 948 2208 turbidus
972 2154 1098 2227 ingenio:

302 2229 347 2285 sed
367 2231 428 2300 qnia
446 2248 523 2285 noves
544 2230 641 2285 suvitiu
660 2228 752 2283 Mennis
772 2229 980 2299 prohibebuntur,
999 2232 1099 2304 vulgus

301 2305 421 2361 admenta
433 2308 460 2362 in
471 2308 524 2362 dies
538 2306 642 2362 mereari
659 2305 770 2373 solitum,
781 2306 824 2361 oui
841 2324 893 2361 uua
905 2324 939 2362 ex
950 2326 979 2363 re
991 2309 1100 2379 publiea

302 2399 406 2438 annonae
424 2402 492 2449 oura,
511 2384 624 2439 olsusum
641 2382 712 2446 litus,
730 2383 835 2438 retineri
849 2389 1016 2450 commestus,
1035 2386 1098 2441 dum

301 2458 383 2521 timet,
407 2460 543 2527 eredebst;
571 2460 724 2532 sugentibus
753 2460 846 2515 famum
870 2460 1027 2528 Vitellianis,
1052 2464 1099 2535 qui

302 2534 414 2590 studium
442 2538 553 2608 partium
575 2537 689 2593 nondum
716 2541 871 2609 posuerant3
896 2556 929 2593 ne
951 2539 1099 2595 vietorssms

301 2611 401 2682 quidem
419 2612 520 2683 ingrato
538 2632 647 2679 rumore,
669 2632 777 2686 quorum
796 2614 957 2687 cupiditates,
978 2618 1099 2673 externis

301 2705 400 2759 quoque
412 2687 483 2742 bellis
495 2689 665 2759 inexplebiles,
682 2691 752 2747 nulls
766 2708 879 2762 unquam
891 2691 973 2747 civilis
984 2694 1099 2750 victorie

255 2764 408 2820 assallivit.
452 2764 573 2820 Kalendis
593 2766 722 2821 Juuuariis
741 2767 770 2821 in
790 2772 888 2833 senatu,
909 2786 986 2838 quem
1008 2768 1098 2826 Julius

300 2840 445 2904 Frontinus,
470 2844 562 2909 praetor
578 2842 699 2909 urbanus,
716 2848 858 2909 vocaverat,
882 2843 973 2915 legatis
994 2846 1099 2901 exerei-

299 2915 418 2985 tibusque
430 2934 459 2970 so
469 2915 571 2985 regibus
583 2917 670 2973 laudes
679 2924 814 2989 grotesque
825 2920 948 2987 deorstae;
966 2925 995 2977 et
1007 2922 1098 2977 Tettio

300 2990 401 3046 Juliano
424 2996 541 3063 praeturu,
562 2996 684 3063 tauquam
707 2996 933 3067 transgredientem
956 2998 985 3056 iu
1005 3002 1097 3069 perte!
