2575 3592
292 425 350 486 μισ
488 478 492 485 ,
619 431 767 478 ricinus

302 541 331 592 et
347 536 500 604 faventibus,
512 544 542 593 ut
557 540 576 609 †
593 559 641 596 nec
656 542 719 597 bene
733 562 776 598 ner
790 545 852 597 male
869 542 936 596 dicta
950 539 1091 594 dissimula·
1141 533 1142 542 ’

304 618 402 670 rentem
438 617 514 671 Scitis
531 619 598 672 euim
613 638 729 692 magnam
745 621 811 675 illam
830 625 856 674 et
874 617 1020 673 duraturam
1038 617 1089 670 elo-

303 693 413 762 quentie
429 693 520 748 famam
536 713 588 749 non
604 697 688 751 minus
705 697 732 751 in
748 697 852 752 diversis
869 693 992 750 subselliis
1006 694 1091 763 parari
1142 698 1143 724 ¹

304 787 380 838 qnam
402 771 471 837 snis3
495 771 553 826 iude
575 773 730 844 quinimmo
754 774 910 829 constantius
931 789 1034 843 surgere
1054 771 1091 825 ihi

275 844 400 909 §fidelius
412 847 574 903 corroborari
610 853 696 922 Atque
712 851 813 906 hercule
831 850 878 905 sub
896 847 1017 920 ejusmodi
1029 865 1091 918 prae·

301 923 447 992 ceptorihns
460 927 562 994 juvenis
577 927 620 982 ille
634 927 666 982 de
684 946 734 998 quo
751 928 883 998 loquimur,
895 931 1022 980 oratorum
1041 923 1091 977 dis-
1143 975 1144 982 ,

302 999 410 1070 cipulus,
428 1001 477 1056 fori
495 1002 603 1069 auditor,
622 1009 733 1059 sectator
751 1005 910 1076 judiciorum,
929 1001 1044 1058 eruditus
1064 1003 1092 1054 et

302 1077 462 1133 assuefactus
479 1079 568 1134 alienis
587 1082 774 1151 experimentis,
791 1081 832 1136 cni
849 1079 961 1152 quotidie
980 1077 1092 1134 audienti

303 1157 370 1208 uota
382 1153 458 1224 leges,
471 1174 522 1210 uon
534 1157 594 1211 novi
603 1157 717 1229 judicum
728 1159 822 1223 vultus,
835 1157 953 1228 frequens
969 1155 997 1210 in
1013 1155 1093 1210 oculis

257 1257 264 1304 ς
302 1230 460 1286 consuetudo
471 1233 629 1300 concionum,
643 1253 710 1306 saepe
722 1235 829 1307 cognitae
844 1233 932 1305 populi
944 1251 1027 1297 aures,
1040 1232 1094 1286 sive

304 1307 487 1363 accusationem
500 1315 649 1380 susceperat
665 1311 718 1366 sive
732 1311 909 1374 defensionem,
923 1310 992 1364 solus
1006 1307 1095 1362 statim

277 1388 330 1438 det
343 1403 408 1438 unrrs
419 1386 561 1458 cuicunque
575 1406 658 1443 cauare
669 1407 715 1459 par
727 1393 789 1443 erat
825 1386 998 1442 Nouodecimo
1011 1385 1095 1439 aetntis

303 1479 369 1516 anno
381 1463 409 1516 Is.
418 1462 527 1518 Crassus
540 1463 569 1518 Ο.
581 1465 726 1532 Carbonem,
738 1464 934 1520 unoetvicesimo
946 1463 1031 1516 Caesar
1043 1461 1096 1514 Do-

281 1573 285 1582 ·
303 1537 425 1602 labellum,
438 1539 518 1593 altero
529 1545 556 1595 et
573 1541 695 1598 vicesimo
706 1541 810 1596 Asinius
828 1540 908 1595 Pollio
922 1541 948 1593 0.
962 1539 1095 1603 Catonem,

303 1633 354 1670 non
366 1614 473 1669 multum
485 1622 562 1672 aetate
581 1617 731 1674 antecedens
748 1618 840 1672 Calvus
852 1617 983 1670 Vatinium
996 1615 1027 1668 iis
1039 1633 1097 1668 ora-

304 1691 415 1745 tionibus
432 1693 541 1748 insecuti
558 1700 628 1760 aunt,
648 1714 710 1767 quas
722 1695 796 1750 hodie
808 1711 907 1766 quoque
919 1711 976 1747 cum
989 1691 1096 1745 admira-

257 1766 373 1825 85tione
384 1768 498 1839 legimus.
535 1773 571 1826 At
588 1790 656 1826 nnnc
674 1771 853 1827 adolescentuli
871 1769 951 1824 nostri
969 1767 1096 1822 deducun-

285 1848 348 1899 1tur
368 1845 394 1898 iu
413 1863 513 1900 scenam
535 1847 750 1914 scholasticorum,
770 1847 813 1920 qni
833 1847 946 1902 rhetores
965 1849 1095 1911 vocantur,

305 1939 368 1992 quos
379 1922 454 2054 w
472 1928 531 1978 ante
550 1923 679 1979 Ciceronis
696 1931 812 1996 tempora
829 1924 959 1978 exstitisse
975 1940 1022 1976 nee
1043 1921 1095 1990 pla-

305 1999 389 2053 cuisse
443 1998 544 2068 juribus
565 2001 660 2055 nostris
679 2019 710 2056 ex
728 2019 758 2056 eo
781 2000 942 2055 manifestum
960 2004 1007 2063 est,
1027 1995 1096 2068 quod

307 2076 397 2129 Orasso
417 2080 444 2130 et
465 2076 579 2131 Domitio
601 2075 746 2132 censoribus
770 2077 878 2143 cludere,
898 2081 928 2131 ut
946 2077 981 2130 ait
1000 2075 1095 2138 (licere,

281 2153 389 2208 Nudam
412 2155 568 2222 impudemioe
586 2154 655 2223 jussi
678 2160 746 2209 sunt.
795 2153 844 2208 Sed
867 2157 897 2207 ut
918 2152 1000 2207 dicere
1023 2151 1098 2205 insti-

306 2234 412 2293 tueram,
429 2228 590 2285 deducuntur
608 2231 635 2285 in
655 2231 759 2296 scholas,
773 2231 864 2301 quibus
882 2248 934 2284 non
952 2227 1025 2284 facile
1042 2227 1099 2281 dix-

306 2306 376 2370 erim,
394 2310 514 2361 utrumne
534 2307 605 2362 locus
631 2309 692 2379 ipse,
714 2327 746 2362 an
766 2307 938 2378 condiscipuli,
961 2325 993 2360 an
1017 2323 1098 2376 genus

307 2383 450 2438 studiorum
471 2383 528 2454 plus
547 2385 606 2439 mali
628 2385 736 2457 ingeniis
757 2387 870 2440 afferant.
907 2385 974 2438 Nam
998 2383 1025 2437 in
1042 2383 1100 2436 loco

307 2458 371 2513 nihil
382 2461 539 2523 reverentia,
551 2461 596 2515 sed
608 2462 635 2516 in
648 2481 721 2533 quem
738 2480 812 2516 nemo
824 2461 872 2516 nisi
884 2479 954 2532 aeque
965 2459 1100 2530 imperitus

282 2536 395 2597 sinuat.
425 2536 457 2590 In
469 2537 646 2608 condiscipulis
659 2539 721 2593 nihil
733 2539 869 2610 profectus,
879 2556 936 2592 cum
949 2537 1021 2608 pueri
1031 2535 1101 2591 inter

226 2637 230 2642 ·
309 2629 401 2684 pueros
418 2618 444 2666 et
461 2613 641 2669 adolescentuli
659 2615 726 2670 inter
742 2614 940 2669 adolescentulos
957 2613 1011 2684 peri
1027 2629 1102 2666 secu-

309 2690 386 2743 ritate
397 2693 424 2743 et
435 2689 520 2744 dicant
533 2696 560 2745 et
576 2691 720 2746 audiantur.
756 2691 823 2762 Ipsae
834 2709 894 2746 vero
906 2689 1102 2746 exercitationes

309 2784 401 2836 magua
417 2784 449 2820 ex
468 2773 540 2838 purte
557 2769 697 2824 contraria.
734 2768 835 2838 Nempe
853 2767 919 2822 enim
939 2767 989 2821 duo
1007 2783 1103 2836 genera

309 2843 471 2898 materiarum
483 2843 551 2913 apud
568 2845 683 2899 rhetoras
702 2848 852 2909 tractantur,
866 2844 986 2899 suasoriae
1004 2847 1030 2897 et
1042 2860 1103 2897 con-

285 2919 448 2975 4troversioe.
483 2921 525 2976 le
547 2921 588 2976 his
609 2921 730 2976 suasoria
754 2921 862 2992 quidem,
882 2927 1002 2992 tauquam
1026 2918 1103 2989 plane

310 2995 416 3070 leviores
428 3001 455 3051 et
474 2998 556 3052 miuus
574 2997 715 3068 pmdentie
732 2999 871 3070 exigentes,
884 2999 969 3070 pueris
984 2995 1104 3068 delegun-
