2575 3592
305 407 351 458 1ae
485 372 489 382 ’
638 406 757 457 rscrrr

930 467 1093 519 [anesus

303 518 439 577 formidine
456 518 583 585 trahebat,
599 518 627 575 in
641 523 725 575 eastra
739 521 817 586 venit,
832 518 946 574 ineertus
962 519 1049 588 enimi,
1065 528 1094 575 et

261 596 390 653 eomodo
407 597 518 653 oonsiliis
541 596 674 653 obnoxius.
715 596 879 653 Goueionanti
903 596 1094 669 (prodigiosum

305 674 499 743 diotu‚)tentum
507 674 630 730 foedarum
636 674 768 731 voluerum
774 675 973 746 supervolitavit,
983 678 1014 730 ut
1023 674 1095 730 nube

306 756 362 808 atro
373 752 440 807 diem
450 752 625 808 obtenderent.
649 753 764 808 decessit
777 752 860 808 dirum
871 770 953 819 omen,
965 751 1094 825 profugus

305 828 427 885 altaribus
443 833 540 895 taurus,
553 828 659 901 disjecto
674 830 790 886 saorifioii
801 834 931 902 apparatu,
943 829 1028 901 longe,
1045 846 1098 883 neo

284 905 352 962 aubi
365 905 437 961 feriri
451 906 547 961 hostias
558 924 613 961 moe
630 910 678 975 est,
690 907 829 963 confossus.
856 906 916 963 ‘sed
933 906 1096 977 praeoipuum

306 982 498 1126 iepidiisvoiotgell-iiiiii
515 987 650 1131 ἔξὶῗῃοᾟ
665 983 1096 1133 ffifflcfffflllffi

307 1140 418 1209 quantum
439 1136 571 1209 urguendo
588 1138 743 1195 trahendove
762 1138 829 1195 bello
848 1139 946 1204 modus,
966 1138 1031 1193 alios
1051 1154 1096 1192 ro-

307 1215 400 1287 gitans,
417 1217 445 1269 et
463 1214 496 1269 ad
515 1232 603 1270 omnes
621 1215 726 1271 nmtios
741 1216 816 1271 vultu
830 1234 931 1288 quoque
946 1218 973 1271 et
990 1215 1096 1271 incessu

285 1290 430 1362 strepidus,
442 1290 501 1347 dein
511 1292 674 1347 temulentus.
709 1292 842 1349 Postremo
853 1292 930 1349 tedio
942 1295 1095 1359 uestrorum,

307 1373 335 1425 et
346 1368 433 1424 audita
445 1367 587 1424 delentiom
600 1368 755 1425 Misenensis
771 1370 866 1436 elassis,
886 1370 993 1425 Romam
1009 1386 1096 1425 rever·

307 1447 349 1514 tit,
361 1447 562 1505 moestissimum
579 1447 697 1520 quodque
712 1448 805 1505 vulnus
816 1467 919 1521 pavens,
937 1448 1031 1504 summi
1043 1446 1095 1502 dis·

285 1526 420 1583 seriminis
441 1526 591 1582 inom'iosns.
637 1526 707 1582 Nem
730 1545 789 1583 eum
813 1527 958 1599 transgredi
981 1528 1094 1599 Apenni-

307 1621 369 1659 num
380 1604 481 1675 integro
491 1604 618 1659 exereitus
630 1604 671 1659 sui
682 1604 772 1660 robore
783 1608 810 1660 et
821 1604 903 1661 fessos
915 1604 998 1660 hieme
1013 1608 1093 1676 atque
1142 1636 1143 1667 ι

307 1681 392 1753 inopia
409 1681 496 1736 hostes
514 1679 619 1753 aggredi
636 1681 665 1736 in
682 1685 770 1752 aperto
786 1681 861 1751 leret,
883 1681 945 1737 dum
968 1680 1095 1754 dispergit
1142 1704 1143 1753 p

307 1758 382 1822 vires,
394 1757 542 1813 aoerrimum
553 1756 660 1812 militem
676 1761 703 1813 et
718 1758 839 1830 usquein
855 1761 969 1814 extrema
982 1757 1096 1813 obstina·
1142 1780 1143 1835 p

307 1837 364 1889 tum
381 1830 562 1889 trucidandum
574 1833 774 1907 sapiendumque
793 1834 907 1905 tradidit,
930 1834 1096 1907 peritissimis
1142 1840 1143 1929 l

308 1910 484 1967 eenturiouum
499 1910 707 1967 dissentientibus
725 1916 759 1978 et,'
778 1912 801 1967 si
812 1912 1012 1978 oonsulerentur‚
1034 1930 1098 1967 vera
1142 1932 1143 2011 p

287 1986 422 2043 odieturis.
456 1989 569 2042 Arouere
579 2005 623 2043 eos
634 1987 719 2043 intimi
730 1988 868 2045 amisorum
878 1988 986 2055 Vitellii,
995 1989 1034 2044 ite
1044 1988 1097 2044 for·
1142 2012 1143 2039 r

308 2063 383 2119 matis
394 2063 515 2135 principie
526 2063 629 2120 auribus
639 2068 671 2119 ut
686 2082 782 2137 aspere,
795 2084 852 2137 que
867 2066 949 2133 utilia,
960 2082 1009 2123 neo
1021 2066 1098 2137 quid-

308 2159 384 2213 quam
394 2141 444 2196 nisi
453 2140 592 2212 jnoundum
604 2145 631 2197 et
641 2140 763 2197 laesurum
775 2143 907 2215 sooiperet.

265 2217 302 2277 57
344 2217 395 2275 Sed
405 2218 510 2274 olassem
520 2218 692 2274 Misenensem
704 2219 817 2289 (tantum
828 2220 944 2277 uirilibus
960 2218 1096 2275 diseordiis

308 2295 386 2353 etiam
402 2295 560 2367 singulomm
576 2295 682 2351 audaoia
697 2295 785 2365 valet)
799 2296 922 2353 Claudius
936 2296 1096 2353 Faventinus

308 2372 430 2439 centurio,
448 2391 495 2444 per
509 2372 673 2445 ignominiam
689 2390 706 2427 a
722 2372 803 2429 Galba
819 2373 946 2439 dinrissm,
960 2373 992 2429 ad
1009 2373 1097 2430 deleo-

307 2448 404 2505 tionem
420 2450 509 2517 traxit,
526 2450 593 2505 lletis
609 2450 762 2521 Vespasieni
778 2450 892 2521 epistolis
906 2451 1018 2522 pretium
1034 2461 1096 2522 prd-

286 2525 411 2581 2ditionis
422 2530 563 2582 ostentans.
591 2526 704 2582 Praeeret
716 2527 791 2583 olassi
802 2526 922 2583 Claudius
930 2526 1094 2599 Apollinaris,

307 2620 390 2673 neque
407 2602 466 2657 fidei
484 2606 603 2658 eonstsns
621 2621 704 2675 neque
723 2611 844 2659 strennus
862 2604 890 2659 in
908 2603 1021 2675 perfidia.
1057 2604 1095 2659 Et

307 2678 416 2750 Apinius
427 2678 495 2744 Tiro,
507 2683 619 2749 praetura
629 2680 742 2746 functus,
753 2698 784 2735 ao
797 2684 853 2735 tum
868 2680 936 2736 forte
952 2680 1094 2737 Minturnis

307 2772 393 2827 egens,
405 2754 496 2810 ‹iueem
506 2773 535 2810 se
546 2754 716 2811 delectoribus
728 2756 831 2813 obtulit.
866 2759 891 2811 A
907 2756 998 2827 quibus
1010 2758 1096 2813 muni·

307 2832 374 2903 eipia
392 2831 546 2901 oolonieque
563 2831 686 2901 impulse,
704 2832 832 2903 proeoipuo
849 2832 1048 2907 Puteolanorum
1067 2835 1095 2889 in

307 2908 492 2979 Vespasianum
507 2905 599 2972 studio,
607 2912 697 2962 eontra
714 2907 803 2979 Capua
819 2909 924 2964 Vitellio
941 2908 999 2978 fids,
1010 2910 1095 2965 muni·

286 2983 412 3056 eeipelem
423 2981 607 3041 emulationem
617 2982 689 3039 bellis
701 2983 816 3041 uirilibus
828 2984 975 3041 mneebant.
1010 2984 1094 3041 Vitel-
