2575 3592
316 381 362 427 166
491 378 611 427 raom
627 378 767 427 moron.
786 376 838 425 ΙΙΙ.
850 376 889 434 84,
900 378 939 429 85.

958 438 993 487 [Α.
1000 438 1114 479 imm

292 491 416 546 tVineta
438 508 506 561 pone
530 493 632 562 tergum
656 509 762 556 manus;
791 488 887 562 tardata
909 497 990 555 veste,
1016 488 1115 544 fredum

314 568 496 657 spectaculum,
524 566 672 633 donabatur,
702 567 789 622 multis
816 566 1015 637 increpantibus,
1044 565 1115 620 nullo
1139 632 1140 639 ἵ

314 645 495 701 rlbmimante:
525 644 674 699 deformitas
698 645 782 700 exitus
806 642 1004 698 miserieordiam
1028 642 1116 698 abstu·
1139 650 1140 653 ’

293 722 388 778 aleret
424 721 522 777 Obvius
534 740 549 777 a
561 721 718 777 Germanicis
733 720 855 777 militibus
867 719 1002 775 Vitellium
1019 720 1117 775 infesto

315 799 378 866 ictu,
389 815 435 870 per
452 801 524 863 iram,
535 798 576 854 vel
593 818 644 880 quo
662 801 789 853 maturius
805 797 914 853 ludibrio
930 798 1066 862 eximeret,
1086 816 1116 850 an
1139 840 1140 857 ,

315 876 448 931 tribunum
472 876 614 952 appetierit,
636 877 664 931 in
687 876 785 931 inserto
809 874 874 931 init:
905 893 992 929 aurem
1017 874 1115 929 tribuni
1139 878 1140 915 ἐ

271 953 458 1024 asamputavit
471 953 600 1009 aestatim
616 954 751 1023 eonfossus
769 957 817 1008 est.
853 952 993 1017 Vitellium,
1013 952 1114 1007 infestis

317 1030 480 1103 mucronibus
491 1035 616 1098 ooaotum,
628 1030 703 1085 modo
720 1031 817 1103 erigere
829 1048 858 1085 os
875 1034 901 1084 et
917 1029 1009 1084 offerre
1027 1034 1115 1084 eontu-
1139 1018 1140 1103 l

316 1107 404 1172 meliis,
423 1126 492 1163 nuno
509 1107 628 1163 eadentes
646 1112 745 1182 statuas
763 1126 830 1173 suas,
850 1106 1000 1178 plerumque
1019 1106 1116 1161 Rostra
1139 1104 1140 1133 ³

317 1189 362 1239 ant
375 1184 461 1241 (talbe
472 1185 548 1254 oooiai
560 1185 643 1253 loopm
656 1184 779 1251 contueri,
792 1187 921 1255 postremo
929 1183 1115 1255 ndGeproniaa,

293 1262 362 1323 aubi
373 1281 464 1334 eorpus
476 1262 557 1318 Flavii
568 1262 656 1318 Sabini
671 1262 793 1333 jeopernt,
807 1261 949 1333 propulere.
985 1260 1051 1315 Una
1067 1280 1115 1316 vox

316 1358 368 1395 non
380 1340 512 1413 degeneris
524 1340 602 1395 animi
613 1344 727 1411 excepta,
740 1358 798 1395 eum
815 1338 918 1394 tribuno
934 1338 1073 1393 insultanti
1090 1358 1115 1393 se

317 1421 404 1472 tamen
420 1418 599 1489 imperatorem
617 1417 672 1487 ejus
690 1416 769 1472 inisse
787 1414 925 1487 respondit.
962 1416 1002 1471 An
1024 1415 1115 1471 deinde

317 1494 424 1567 ingestis
433 1495 580 1550 vulneribus
592 1494 710 1549 oonoidit.
746 1494 782 1549 Et
789 1494 881 1569 erigus
891 1492 978 1549 eadem
986 1494 1116 1565 pravitate

272 1574 310 1630 86
316 1572 491 1629 insectabatur
503 1572 674 1637 interfectum,
686 1590 738 1643 qua
749 1571 847 1627 foverat
859 1571 996 1626 viventem.
1027 1572 1116 1625 Patria

317 1650 355 1705 illi
377 1650 495 1705 Luceria
543 1650 686 1721 Septimum
710 1653 737 1704 et
765 1648 1002 1721 quinquagesimum
1031 1650 1115 1703 aetatis

317 1744 413 1781 annum
433 1726 561 1797 explebat.
598 1726 776 1792 Consulatum,
796 1725 944 1791 saeerdotia,
964 1738 1063 1781 nomen
1083 1726 1116 1780 lo

317 1821 426 1874 eumque
437 1804 505 1859 inter
520 1804 644 1875 primores
660 1803 730 1859 nulla
745 1822 792 1858 sna
808 1802 941 1872 industria,
960 1802 1006 1858 sed
1022 1808 1117 1859 cunae

295 1880 398 1955 apatris
422 1878 572 1951 claritudine
596 1880 711 1951 adeptus.
753 1880 928 1951 Principatum
952 1880 976 1935 ei
1000 1880 1116 1935 detulere

318 1956 362 2028 qui
382 1956 466 2027 ipsum
486 1976 538 2012 non
557 1962 689 2032 nonerunt.
727 1957 818 2013 Studia
837 1958 965 2013 exereitus
984 1976 1046 2012 rare
1067 1959 1116 2013 cui·

319 2053 395 2105 quam
407 2034 480 2108 bonis
492 2034 590 2105 artibus
606 2035 714 2106 quesita
729 2034 833 2105 perinde
851 2036 945 2090 affuere
959 2052 1037 2104 'quam
1058 2036 1116 2089 huic

295 2125 309 2171 3
321 2130 366 2182 per
377 2112 512 2183 ignaviam.
547 2112 636 2170 Inerat
648 2116 733 2167 tamen
751 2112 898 2183 simplicitas
915 2130 945 2167 ao
959 2110 1115 2177 liberalitem

319 2207 383 2260 quae,
395 2190 422 2244 ni
437 2189 505 2244 adsit
521 2189 620 2258 modus,
631 2189 659 2243 in
676 2189 782 2244 exitium
800 2194 943 2245 vertuntur.
979 2189 1115 2245 Amicitias
1139 2220 1140 2279 p

320 2268 381 2324 dum
404 2268 580 2341 magnitudine
603 2285 745 2333 munerum,
770 2286 822 2322 non
844 2268 987 2323 constantia
1015 2284 1115 2322 morurn

294 2346 443 2401 deontineri
459 2350 541 2417 putat,
557 2345 651 2400 menrit
667 2346 750 2417 magis
767 2363 842 2416 quam
856 2345 953 2401 habuit.
998 2345 1116 2417 Reipub-

319 2422 374 2477 lica
392 2422 555 2498 hauddubie
575 2423 698 2477 intererat
716 2422 850 2477 Vitellium
867 2423 949 2479 unni:
968 2421 1014 2476 sed
1031 2410 1116 2493 impu·

317 2502 374 2554 tare
392 2499 523 2569 perfidiam
542 2518 595 2555 non
614 2504 730 2569 possunt,
743 2500 788 2570 qui
804 2499 937 2555 Vitellium
954 2499 1115 2571 Vespasiano

319 2574 459 2646 prodidere,
472 2595 530 2631 oum
542 2595 558 2630 a
569 2577 650 2632 Galba
661 2576 834 2633 descivissent.

295 2664 310 2711 ε
354 2652 484 2721 Praecipiti
495 2653 523 2706 in
534 2671 650 2707 oceasum
670 2654 718 2721 die,
731 2654 764 2708 ob
782 2672 901 2725 pavorem
915 2654 1113 2725 magistratuum

320 2733 523 2798 senatorumque,
537 2730 581 2799 qui
593 2730 683 2801 dilapsi
695 2749 727 2785 ex
738 2731 802 2785 urbe
821 2735 866 2785 aut
879 2748 924 2801 per
935 2730 1023 2801 domos
1035 2730 1113 2797 elien·

319 2806 385 2859 tium
396 2809 477 2859 semet
489 2806 659 2871 oroultabant,
667 2809 752 2861 vocari
764 2813 867 2862 senatus
879 2825 930 2861 non
937 2806 1030 2877 potuit.
1064 2808 1114 2861 Do·

319 2882 460 2945 milianum,
473 2885 609 2951 postquam
620 2883 684 2937 nihil
699 2883 791 2937 hostile
804 2884 972 2950 metuebatur,
985 2883 1020 2937 ad
1034 2883 1114 2938 duona

319 2958 431 3028 partium
440 2976 601 3030 progressum
610 2963 637 3013 et
648 2958 771 3013 Gaesarem
780 2960 976 3025 oonsalutatum,
983 2961 1058 3016 miles
1067 2962 1115 3016 fre·

320 3039 497 3113 quaeautque
508 3041 563 3108 erat
575 3035 602 3088 in
613 3035 697 3099 armm,
709 3036 737 3091 in
748 3040 867 3107 paternos
880 3041 985 3107 penates
998 3036 1115 3093 deduxit
