2575 3592
383 327 433 376 De
448 329 674 378 oneroluevs
691 331 794 379 te-ts.
944 333 994 378 819

185 444 216 500 m
228 445 311 500 furto
322 445 372 496 eet
383 441 490 498 termule
499 449 527 498 et
537 442 673 498 interdioto
690 440 822 498 dioeudum
839 439 938 506 hebete,
957 459 990 497 en

186 522 216 576 tr
229 521 342 576 mbitn
354 517 521 583 eomitimum,
533 519 652 588 expitetis
667 519 742 573 sociis
758 525 785 573 et
797 517 895 574 uiribus
911 519 989 574 truni-

186 599 266 654 tetis
306 595 377 654 Qme
392 594 458 649 mete
473 595 541 650 siout
555 613 607 650 non
623 593 736 650 recidere
750 595 838 650 melius
851 599 898 658 eet,
916 594 1012 666 isquee

188 676 310 744 optimus
327 670 439 726 eiritetie
450 677 534 726 stetur
545 671 675 726 habendus
687 677 735 736 est,
752 671 780 726 in
796 690 845 743 quo
859 671 921 726 nihii
937 673 989 728 tels

188 753 318 821 petimur,
333 747 380 810 im
395 765 452 803 enm
465 748 614 814 eooiderent,
631 748 760 819 ingentem
777 747 926 819 eloquentie
938 767 988 803 me-

188 823 529 882 ter'umeubminietrebent.
564 824 664 879 Creeoit
676 825 742 880 enim
754 843 811 880 oum
823 823 988 896 amplitudine

188 922 278 960 mm
301 901 341 955 rie
361 900 464 970 ingenii,
487 919 536 955 neo
554 901 688 971 quisquam
710 899 802 956 olerem
819 907 846 956 et
863 900 987 956 illustrem

189 983 339 1035 orationem
350 977 450 1032 effioere
459 982 552 1047 potest.
560 977 610 1032 nisi
621 977 666 1048 qui
678 995 779 1032 oensem
789 995 873 1046 perem
882 978 985 1034 invenit.

188 1058 262 1118 Non,
285 1054 385 1125 opinor,
404 1053 602 1110 Demosthenem
625 1053 752 1110 orationes
775 1053 904 1109 illustrent
924 1065 1010 1128 quest

189 1134 319 1188 adversm
332 1134 432 1184 tutores
447 1149 508 1184 euos
518 1130 678 1201 oompoeuit;
697 1148 744 1186 neo
760 1131 904 1186 Oioeronem
919 1149 989 1202 meg-

189 1229 253 1265 nnm
277 1213 406 1262 orntorem
423 1207 453 1262 P.
466 1207 589 1266 Quintius
609 1206 728 1262 detonsus
745 1213 789 1261 eut
807 1207 921 1262 Licinius
938 1210 987 1264 Ar-

189 1288 263 1342 rhies
285 1284 398 1338 feoiunt:
417 1284 525 1338 Oetiline
539 1290 567 1339 et
580 1283 646 1338 Milo
663 1289 690 1340 et
707 1283 800 1338 Verres
816 1288 843 1338 et
859 1285 985 1340 Antonius

190 1364 259 1418 tene
275 1361 315 1416 itti
332 1360 423 1414 semem
436 1359 662 1416 circumdederunt.
700 1359 760 1416 Non
778 1361 837 1431 quie
853 1361 921 1416 tenti
936 1361 1010 1418 tuiti

190 1437 341 1510 reipnbtioe
362 1436 439 1490 melos
455 1437 522 1492 terre
539 1439 614 1504 eires,
631 1443 662 1492 ut
683 1436 785 1492 uberem
803 1435 835 1490 ed
853 1436 986 1492 dicendum

190 1515 327 1570 materiam
343 1519 455 1568 emtores
471 1513 607 1573 heberent:
626 1513 678 1578 sed,
692 1519 722 1568 ut
737 1513 844 1568 subinde
855 1513 983 1583 admoneo,
1031 1539 1035 1573 ¹.

191 1591 345 1664 questionis
356 1590 550 1654 meminerimus,
561 1591 721 1660 sciemusque
738 1609 781 1644 eor
792 1589 823 1644 de
836 1609 866 1645 ee
878 1609 904 1646 re
916 1590 986 1662 loqui

192 1687 252 1742 qun
266 1666 367 1722 ieoiline
387 1666 495 1722 turbidis
518 1673 546 1722 et
561 1667 682 1738 inquietis
701 1666 856 1737 temporibus
875 1668 984 1725 exstitit

192 1745 262 1806 Quin
277 1744 387 1812 ignoret,
408 1743 497 1800 utilius
516 1762 546 1800 eo
568 1744 658 1799 metius
678 1761 733 1798 esse
750 1741 801 1798 frui
824 1762 885 1814 pene
908 1762 984 1814 quem

192 1821 261 1876 betto
286 1819 390 1874 rexerit
416 1819 506 1876 Plures
530 1825 616 1875 temen
637 1819 718 1875 bonos
740 1819 895 1890 preliatores
919 1821 984 1876 belle
1009 1846 1013 1856 ·

193 1916 274 1969 quem
292 1913 341 1966 pen
357 1896 451 1951 serent.
488 1897 581 1952 Similis
597 1895 748 1968 eloquentie
763 1897 880 1952 conditio.
917 1899 1009 1952 Nems

194 1992 246 2045 qno
261 1972 357 2041 sepius
371 1973 471 2028 steterit
483 1979 603 2045 temquem
618 1974 646 2028 in
661 1973 722 2038 noio,
740 1991 839 2044 quoque
856 1974 940 2044 plures
958 1981 985 2028 et

193 2049 313 2105 intulerit
328 2049 395 2104 iotue
408 2057 436 2103 et
450 2050 586 2120 expeperit,
608 2067 709 2120 quoque
730 2049 808 2120 major
828 2049 985 2104 sdversarius

191 2133 222 2181 et
240 2125 351 2180 seriores
368 2144 467 2197 pugnes
486 2125 536 2181 eibi
552 2127 609 2196 ipse
625 2125 801 2196 desumpserit,
820 2129 893 2180 tento
911 2125 986 2181 altior

194 2213 222 2258 et
233 2200 357 2257 executor
368 2207 395 2258 et
406 2203 456 2258 um
472 2203 605 2258 nobilitetur
616 2202 801 2258 dieoriminibns
813 2201 894 2258 inore
906 2202 984 2258 homi·
1006 2233 1010 2262 ι

194 2298 258 2334 num
268 2278 331 2349 egit,
345 2297 450 2349 quorum
462 2297 493 2334 ee
504 2284 596 2334 netum
606 2286 654 2343 est,
667 2283 697 2332 ut
713 2280 731 2315 ἕ
746 2279 763 2316 ⁴*
775 2296 864 2334 seoure
875 2279 960 2334 velint.

231 2355 366 2409 “Transeo
377 2355 410 2410 ed
420 2356 527 2411 formem
538 2363 564 2412 et
576 2355 782 2411 eonsuetudines]
796 2361 908 2410 veterum
917 2355 1029 2426 judi-‚38

196 2433 302 2494 riorum,
316 2451 371 2503 qne
388 2432 438 2486 etsi
454 2451 523 2488 nuno
538 2433 621 2504 eptior
638 2437 678 2486 est
692 2431 802 2497 veritati,
816 2432 983 2504 eloquentiam

196 2514 283 2565 temen
296 2507 359 2562 illud
375 2508 458 2564 torum
473 2509 553 2580 megis
569 2507 711 2573 exemebet,
724 2509 751 2562 in
767 2526 816 2578 quo
828 2527 902 2564 nemo
918 2509 985 2566 intre

197 2585 361 2655 peuoiseimee
377 2585 452 2640 hores
471 2603 588 2656 perorare
606 2583 752 2656 negebatur,
771 2590 797 2640 et
814 2585 899 2642 liberae
916 2604 987 2642 com.

196 2660 415 2733 pemudinetionee
434 2667 514 2728 eruut,
532 2667 559 2719 et
577 2661 677 2718 modum
695 2660 796 2718 dicendi
810 2662 858 2718 sibi
877 2662 982 2732 quisque

199 2737 320 2802 sumebat,
337 2744 364 2794 et
378 2757 500 2798 nummus
516 2758 598 2812 neque
614 2739 711 2794 dierum
727 2756 809 2810 neque
821 2744 982 2810 patronorum

199 2814 337 2871 finiebatur.
372 2815 474 2871 Primus
486 2817 541 2872 hero
552 2817 630 2870 tertio
640 2814 774 2870 cousulutu
787 2815 834 2870 Cn.
847 2815 1005 2887 Pompeiust

200 2891 325 2957 astrinxit,
349 2891 520 2964 imposuitque
548 2892 628 2948 veluti
654 2892 740 2948 frenos
766 2891 924 2964 eloquentie,
947 2892 984 2948 ite
