2575 3592
464 381 646 430 sermons
664 381 764 432 37-40.
957 384 1003 432 279

217 445 243 482 ι.
255 445 280 483 n.
291 441 334 506 ιι]

213 493 295 548 soient
295 494 320 548 ia
283 492 426 549 tderiaui
437 492 517 548 fuisse
532 511 614 564 nuper
629 493 719 548 falsum
737 510 751 546 e
769 492 946 548 Germaniat'
913 495 1002 546 trium-

213 571 300 659 phem,
313 571 407 661 emptis
418 589 465 640 per
479 570 634 639 commercia,
648 589 753 642 quorum
766 569 866 625 habitus
883 575 909 624 et
925 569 1000 624 ιιιιιιι

213 647 242 702 in
261 650 418 720 eaptironrm
441 647 549 716 speeiem
570 647 753 702 formarentur:
778 651 805 701 at
825 664 893 702 nuno
915 665 1000 702 rerem

211 743 380 797 magnamque
396 724 534 789 victoriam,
552 727 592 778 tot
610 724 719 780 millibus
736 724 848 779 hostium
865 725 942 788 eaesis,
961 724 1000 780 in*

212 802 286 871 genti
305 803 373 857 sarna
392 800 519 856 celebrari.
555 800 588 856 ld
607 801 656 856 sibi
674 801 783 856 maxime
803 799 1021 866 formidolosum,2

211 879 307 950 privati
322 879 430 934 hominis
447 896 540 932 nomen
556 896 632 949 snpra
652 878 772 949 principis
791 877 886 933 attolli:
905 878 1000 933 frustra
1100 874 1101 878 ’

211 955 300 1010 studia
310 957 360 1011 lori
369 960 397 1010 et
408 955 521 1010 civilium
532 953 625 1008 artium
636 954 712 1009 decue
726 955 753 1009 in
764 954 890 1010 silentium
903 961 965 1022 aeta,
978 954 1001 1009 si
1060 983 1062 986 ·

210 1033 347 1096 militarem
359 1032 463 1104 gloriam
476 1031 539 1086 alius
555 1035 705 1102 oocuparet;
724 1035 751 1086 et
762 1035 857 1086 oaetera
872 1036 1000 1102 uteunque

210 1110 312 1165 facilius
330 1109 489 1174 dissimulari,
507 1107 579 1163 ducis
596 1108 657 1163 boni
673 1108 858 1178 imperatoriam
880 1109 1001 1163 virtutem
1053 1153 1079 1179 ,Δ

211 1205 277 1241 esse.
311 1186 414 1241 Talibus
434 1185 501 1240 onris
521 1185 657 1251 exereitus,
678 1184 795 1256 quodque
815 1202 887 1240 sevae
906 1186 1033 1258 cogita-s·
1057 1192 1061 1201 “

213 1263 293 1319 tionis
308 1263 429 1318 indicium
446 1266 507 1329 erat,
524 1266 621 1317 secreto
637 1280 684 1316 suo
702 1263 815 1326 satiatus,
833 1262 957 1332 optimum
974 1261 1002 1317 in
1059 1275 1065 1293 ⁴

214 1339 352 1411 prasentia
362 1339 454 1394 statuit
465 1357 585 1410 reponere
601 1338 694 1404 odium,
708 1338 787 1394 donee
802 1339 911 1409 impetus
928 1341 1002 1395 famae

211 1422 241 1472 et
252 1417 325 1471 lavor
336 1416 463 1471 exereitus
475 1415 656 1487 languesceret.
692 1417 758 1470 Nam
770 1415 845 1470 etiam
859 1419 914 1469 tum
926 1416 1001 1488 Agri·

211 1493 271 1549 oola
289 1493 445 1548 Britanniam
464 1492 603 1548 obtinebat.
647 1492 732 1564 Igitur
752 1491 913 1563 triumphalia
930 1489 1046 1547 oma40

213 1575 302 1627 menta
321 1575 348 1627 et
370 1572 476 1626 illustris
499 1575 591 1626 statua
610 1571 738 1636 honorem,
760 1574 787 1626 et
811 1570 932 1642 quidquid
955 1589 1001 1642 pro

213 1649 346 1719 triumpho
360 1648 443 1712 datur,
455 1647 536 1702 multo
552 1647 687 1702 verborum
701 1648 796 1702 honore
812 1647 945 1714 cumulate,
959 1647 1001 1703 de·

212 1725 285 1781 oerni
292 1725 320 1779 in
328 1729 418 1780 senatu
425 1723 506 1795 jubet,
517 1723 624 1795 addique
632 1724 735 1795 insuper
744 1723 892 1794 opinionem,
904 1725 1001 1796 Syriam

213 1802 368 1874 provinoiam
380 1801 506 1873 Agn'oolre
517 1801 573 1856 dest
561 1801 645 1867 ιιιιιιι,
656 1820 760 1857 vacuam
768 1806 825 1856 tum
836 1806 917 1857 morte
929 1802 1002 1858 Atilii

213 1879 278 1935 Rufi
300 1877 438 1933 oonsularis
462 1882 489 1932 et
511 1878 648 1949 majoribus
671 1882 831 1933 reservatam.
868 1878 1027 1935 credideras

214 1955 469 2028 pleriquelibertnm
485 1973 520 2009 ex
535 1955 712 2010 secretioribus
728 1956 815 2011 minist
816 1955 881 2020 eriis,
899 1957 1002 2012 missmn
1074 2013 1081 2024 ,¹

216 2032 250 2086 ad
266 2032 418 2103 Agrioolnm,
434 2031 568 2097 oodioillos,
588 2032 719 2122 quibus'
697 2051 720 2087 er
741 2033 813 2122 Syria
830 2025 936 2088 dabat
893 2037 943 2098 t,ur
961 2038 1004 2088 tu-
1068 2025 1070 2030 ¹

216 2109 284 2173 lisae,
305 2127 361 2164 enm
382 2114 508 2180 praeoepto
528 2113 566 2175 ut,
587 2109 654 2164 siin
675 2109 732 2164 Brit
721 2110 807 2164 tannia
827 2110 900 2175 foret,
920 2110 1004 2166 trade·

216 2188 445 2258 rentu13eumque
464 2185 608 2240 libertum
600 2187 696 2256 inipso
714 2187 779 2241 freto
796 2187 888 2242 Ooeani
902 2186 1004 2242 obvium

217 2228 350 2332 Agrioolae,
367 2281 400 2316 ne
417 2262 542 2333 appellato
559 2263 660 2334 quidem
677 2281 707 2318 eo
726 2263 757 2318 ad
774 2263 869 2318 Domit
850 2268 947 2318 tranum
964 2283 1004 2320 re·
1049 2290 1050 2294 ¹

217 2339 322 2403 maesse,
343 2340 396 2396 aire
415 2358 504 2394 verum
526 2339 604 2406 istud,
629 2337 683 2395 aive
706 2359 737 2404 er
760 2340 861 2412 ingenio
884 2341 1004 2414 principis

217 2415 308 2470 fiotum
327 2433 356 2470 ao
372 2416 539 2487 oompositnm
559 2421 607 2470 est.
643 2415 790 2472 Tradiderat
810 2417 911 2472 interim
931 2419 1028 2491 Agri-a

216 2491 273 2547 cola
284 2494 421 2548 suoomsori
437 2512 484 2547 suo
498 2493 652 2563 provinciam
665 2494 775 2564 quietam
790 2498 930 2566 tutamque.
966 2497 1005 2552 Ao
1071 2499 1074 2508 '

216 2589 250 2624 ne
265 2569 383 2624 notabilis
400 2569 546 2625 celebritate
562 2574 589 2625 et
606 2571 747 2642 frequentia
764 2573 950 2628 oecurrentium
967 2572 1005 2627 in·

215 2646 310 2701 troitus
327 2650 403 2714 esset,
418 2647 501 2702 vitato
517 2647 653 2702 amicorum
671 2648 751 2702 officio
769 2654 848 2705 nootu
865 2650 892 2704 in
908 2649 1004 2715 urbem,

215 2728 296 2778 noctu
312 2723 340 2777 in
356 2723 544 2789 Palatiumjta
560 2729 591 2778 ut
608 2728 762 2796 preceptum
779 2730 841 2792 erat,
858 2725 944 2790 venit;
962 2743 1005 2779 ex-

214 2805 358 2872 ceptusque
373 2800 445 2856 brevi
461 2801 548 2856 osoulo
566 2805 593 2857 et
610 2801 680 2856 nullo
697 2820 812 2858 sermone
829 2803 910 2858 turbae
928 2803 1005 2857 servi-

213 2878 315 2934 entium
334 2878 465 2933 immnrtus
485 2883 532 2934 est.
569 2878 689 2934 Ceterum
713 2879 752 2934 uti
775 2880 882 2934 militare
905 2887 1029 2946 moment
1139 2911 1141 2920 ι

214 2973 295 3027 gvrare
315 2955 383 3009 inter
402 2955 505 3021 otiosos,
523 2956 579 3012 aliis
599 2955 737 3012 virtutibus
757 2961 917 3027 temperaret,
936 2961 1006 3013 tran·
