2575 3592
203 460 222 495 A
239 457 259 495 D
276 456 318 506 w]
387 394 638 442 HISTORIARUM
655 395 707 444 111.
724 396 795 443 6-9,
943 396 986 443 111

201 506 230 561 in
250 524 304 560 rem
325 505 467 577 famamque
485 506 626 562 videbatur.
662 507 784 563 Possessa
803 506 858 577 ipso
877 507 1011 563 transitu2

201 583 321 650 Vicetia3
339 582 407 653 quod
418 602 464 654 per
475 602 503 638 se
514 602 603 655 parum
616 584 721 654 (etenim
733 583 836 639 modieae
853 584 989 655 municipio

200 660 289 729 vires,)
299 660 384 732 magni
395 662 517 715 momenti
527 661 611 716 looum
622 660 740 727 obtinuit,
749 660 925 732 reputantibus
938 660 989 717 illio

201 738 331 793 Craoiuam
342 738 458 809 genitum
470 742 496 793 et
508 738 735 809 patriamhoetium
748 738 807 793 durni
815 743 934 809 ereptam.
955 740 989 793 In

200 816 393 870 Veronensibus
410 816 521 886 pretium
532 816 597 871 luit:
616 816 730 887 exemplo
747 816 886 888 opibusque
903 820 988 887 partes

198 893 299 965 juvere.
334 892 370 948 nt
381 892 531 963 interjectus
542 894 668 948 exereitus
675 914 723 964 per
736 894 845 949 Batiam
857 894 875 948 J
875 893 1011 965 uliasquet

199 970 297 1041 Alpes3
315 988 346 1025 ao
356 989 389 1024 ue
400 970 514 1041 pervium
525 970 569 1025 illa
580 971 735 1028 Germanicis
748 970 899 1027 exercitibus
911 971 988 1036 foret,

200 1048 358 1119 obsepserat.
388 1048 455 1107 Qua
466 1048 554 1119 ignara
561 1049 717 1119 Vespasiano
730 1052 774 1103 aut
783 1049 877 1103 vetita:
896 1049 989 1121 quippe

199 1126 328 1196 Aquileiae
340 1126 398 1181 sisti
407 1124 502 1181 bellum
512 1125 706 1197 exspectarique
717 1126 865 1181 Munianum
874 1125 987 1197 jubebat,

200 1202 387 1275 adjieiebotqne
396 1202 501 1273 imperio
509 1203 649 1268 eonsilium,
658 1202 757 1273 quaudo
764 1202 899 1275 dlgyptus,
909 1203 989 1259 elaus-

200 1285 246 1336 tra
262 1299 375 1349 mnouae,
391 1280 524 1352 vectigalia
541 1280 788 1351 opulentissimarum
805 1280 989 1350 prouinciarum

200 1358 387 1424 obtinerentur,
399 1377 473 1429 posse
484 1357 583 1413 Vitellii
594 1358 733 1413 exereitum
745 1360 858 1429 egestate
870 1358 989 1428 stipendii

201 1435 377 1506 frumentique
393 1435 426 1489 ad
443 1434 596 1490 deditionem
613 1434 703 1507 subigi.
739 1434 834 1489 Eadem
851 1434 1012 1491 Munianust

203 1511 301 1567 crebris
323 1512 436 1582 epistolis
458 1512 584 1578 monebat,
608 1512 767 1569 incruentam
790 1514 817 1566 et
840 1511 894 1566 sine
917 1512 989 1568 luotu

202 1589 335 1645 victoriam
352 1594 379 1645 et
396 1590 444 1645 alin
460 1589 635 1660 hujusoemodi
652 1588 820 1661 praeterendo,
839 1588 886 1643 sed
903 1588 989 1659 gloriae

200 1666 292 1723 avidus
303 1671 380 1738 atque
389 1685 465 1723 omne
475 1666 536 1723 belli
547 1667 624 1723 deous
639 1667 689 1723 sibi
704 1667 824 1723 retinens.
861 1666 989 1723 Caeterum

200 1762 235 1799 ex
247 1744 400 1800 distantibus
411 1749 536 1800 terrarum
553 1745 642 1815 spatiis
656 1744 760 1800 tonsilia
773 1747 831 1815 post
845 1762 886 1799 res
902 1744 988 1800 affero·
1102 1778 1105 1783 Δ

199 1821 303 1878 bantur.
338 1822 425 1894 Igitur
444 1822 577 1891 repentino
596 1823 700 1878 incursu
720 1822 848 1877 Antonius
866 1822 1012 1879 stationes9

199 1900 314 1957 hostium
325 1901 426 1972 irrupit,
438 1901 595 1971 tentatisque
605 1900 656 1956 levi
667 1900 753 1972 prelio
765 1900 854 1957 animis
872 1919 904 1955 ex
915 1918 987 1972 oequo

200 1977 350 2033 dboessum.
383 1978 449 2034 Mox
461 1978 561 2033 cocina
572 1978 640 2033 inter
652 1977 799 2044 Hostiliam,
811 1978 896 2033 vinam
908 1979 1009 2033 Vero-²

200 2056 326 2124 nennium,
338 2058 365 2111 et
378 2055 483 2127 paludes
498 2055 598 2110 Tartari
614 2055 726 2111 fluminis
743 2058 827 2111 eastra
843 2056 987 2126 permuniit,

200 2134 276 2187 suns
292 2132 356 2198 loeo,
373 2150 432 2187 oum
449 2135 523 2204 terga
538 2131 649 2197 flumine,
668 2132 748 2187 latera
764 2132 866 2202 objectu
888 2131 988 2203 paludis

200 2213 359 2280 tegerentur.
394 2208 495 2268 Quodsi
513 2210 626 2264 affuisset
644 2209 715 2278 tides,
736 2214 781 2264 aut
801 2208 908 2280 opprimi
931 2210 988 2264 uni-

199 2286 288 2341 versis
305 2284 499 2341 Vitellianorum
526 2286 623 2342 viribus
652 2286 709 2342 dun
731 2285 850 2357 legiones,
875 2285 987 2341 nondum

198 2363 338 2435 oonjunoto
351 2363 458 2419 Moesioo
475 2359 596 2429 exereitn,
614 2366 728 2435 potuere,
753 2366 807 2425 aut,
825 2366 894 2417 retro
913 2367 985 2430 aatae,

199 2440 303 2497 demta
321 2440 404 2506 Italia,
421 2444 523 2512 turpem
539 2441 627 2513 fugam
644 2440 831 2495 eousoivissent.
869 2440 919 2496 Sed
931 2441 1009 2497 (la-8

198 2519 256 2573 aina
267 2536 314 2589 per
325 2518 408 2573 varias
419 2536 502 2573 moras
513 2518 596 2589 prima
611 2517 729 2573 hostibus
745 2516 857 2589 prodidit
872 2522 986 2590 tempora

199 2593 267 2661 belli,
279 2594 340 2651 dmn
352 2613 417 2666 quos
431 2596 507 2651 armis
522 2595 615 2667 pellere
632 2598 776 2667 promptum
793 2598 855 2661 erat,
872 2596 987 2667 epistolis

198 2671 320 2743 irrumpat,
343 2671 425 2727 donee
445 2690 493 2743 per
514 2672 618 2728 nuntios
640 2676 716 2744 panta
733 2672 843 2743 perfidie
866 2673 984 2728 firmaret.

197 2748 308 2803 Interim
317 2750 434 2821 Aponius
445 2750 598 2805 Saturninus
608 2768 667 2805 eum
677 2750 777 2821 legione
792 2750 899 2821 septima
910 2749 1010 2807 Clau-4

197 2825 276 2881 diana
296 2826 406 2882 advenit.
441 2827 550 2900 Ingioui
567 2827 688 2883 tribunus
705 2828 844 2899 Vipstanus
864 2826 986 2880 Messalla

196 2906 315 2975 praerat,
327 2905 401 2960 elaris
412 2904 560 2976 majoribus,
571 2905 689 2977 egregius
701 2906 763 2977 ipse,
776 2908 802 2961 et
814 2903 858 2975 qui
869 2902 938 2957 solua
952 2902 984 2955 ad

195 2981 225 3038 id
246 2980 340 3038 ballum
360 2988 428 3039 artes
446 2983 526 3039 bonae
543 2983 680 3039 attulisset.
715 2983 772 3038 Has
790 2980 822 3035 ad
839 2977 922 3048 oopias
940 2992 1005 3037 noo
