2575 3592
279 384 326 430 1²⁰
613 379 734 427 TACITI

910 442 946 490 [Δ.
957 440 985 481 U.
994 442 1020 481 0.
1028 442 1076 481 m.

255 494 382 565 aprovisn
403 492 536 565 juvabant.
572 492 669 547 Eadem
693 494 801 562 utraque
829 490 883 545 acie
910 510 995 557 arma3
1021 510 1079 547 cre·

280 571 331 625 bris
343 569 586 641 interrogationibus
602 574 692 623 notum
705 587 796 639 puguae
813 568 929 639 signnm3
948 569 1081 637 permixta

279 648 380 713 vexilla,
399 654 429 702 ut
448 648 555 718 quisque
571 646 663 718 globus
681 650 756 717 capta
776 664 808 700 ex
825 645 941 699 hostibus
960 646 1013 702 bne
1037 646 1081 701 uel

279 725 339 781 illuc
368 726 494 796 raptabat.
541 724 708 795 Urguebatur
735 724 843 777 maxime
868 723 977 793 septima
999 722 1080 795 legio,

257 810 389 873 tnnpera
406 803 487 857 Galba
502 802 653 872 conscripta.
691 800 775 855 Occisi
791 818 837 855 sex
852 801 992 871 primorum
1010 801 1082 855 crdi-

280 898 343 934 num
358 881 527 945 centuriones,
543 880 649 950 abrepta
665 878 779 949 quadam
797 878 886 949 signa:
905 878 987 947 ipsam
1006 879 1083 949 aqui-

280 958 329 1012 lam
347 959 443 1013 Atilius
461 959 554 1022 Verus,
568 957 687 1029 primipili
706 956 828 1021 centurie,
845 956 927 1011 multa
942 974 1002 1011 curn
1021 956 1082 1011 bos-

280 1037 345 1091 tium
370 1039 467 1106 strage,
492 1040 519 1091 et
547 1036 580 1090 ad
603 1041 747 1091 extremum
773 1034 892 1099 moriens,
921 1039 1082 1089 servaverat.

237 1104 274 1159 23
283 1112 410 1167 Sustinuit
425 1112 552 1167 labantem
566 1114 645 1168 aciem
661 1112 789 1167 Antonius
806 1112 893 1167 accitis
908 1112 1082 1182 praetorianis.

283 1190 336 1249 Qui
347 1189 391 1244 ubi
408 1208 529 1261 excepere
540 1208 660 1261 pugnarn,
672 1189 769 1261 pellunt
780 1190 887 1254 hostem,
908 1188 967 1243 dein
978 1188 1083 1259 pellun-

260 1271 333 1322 atur.
381 1268 499 1339 Namque
522 1267 653 1322 Vitelliani
677 1271 805 1321 tormenta
828 1268 855 1321 iu
881 1284 1001 1338 aggerem
1032 1268 1083 1321 viae

283 1344 450 1410 contulerant,
470 1349 500 1399 ut
517 1344 570 1399 tela
586 1362 666 1399 vacuo
685 1349 762 1415 atqua
779 1348 867 1415 aperto
885 1348 1082 1411 excuterentur,

283 1421 397 1493 dispersa
420 1422 501 1493 primo
526 1425 552 1476 et
577 1422 688 1477 arbustis
707 1423 762 1477 sine
782 1420 892 1480 hostium
915 1440 983 1476 noxa
1004 1421 1082 1477 illisa

282 1499 462 1570 Magnitudine
485 1499 576 1553 sunnia
600 1500 695 1571 quintae
719 1498 822 1554 decimae
845 1496 952 1569 legionis
975 1498 1084 1553 ballista

262 1577 429 1649 tingentibus
453 1578 521 1631 saxis
544 1577 662 1631 hostilem
683 1576 761 1631 aciem
779 1576 923 1651 proruebat.
960 1576 1083 1647 lateque

284 1654 380 1710 cladem
398 1655 551 1721 intulissent,
575 1654 603 1709 ni
624 1654 676 1709 duo
697 1654 792 1709 milites
813 1654 959 1725 praeclarum
977 1654 1082 1709 facinus

284 1733 347 1796 ausi,
366 1732 473 1801 arreptis
488 1751 502 1786 e
520 1736 606 1804 strage
624 1732 704 1787 scutis
720 1732 838 1803 ignorati,
856 1731 939 1787 vincla
957 1749 986 1787 ae
1005 1732 1083 1787 libra·
1134 1762 1135 1767 ι

262 1814 371 1865 41uenta
382 1813 565 1864 tormentorum
578 1809 752 1865 abscidisseut.
789 1810 880 1864 Statim
890 1809 1083 1875 confessisunt,
1134 1858 1135 1869 ,

285 1905 367 1957 eoque
390 1886 540 1942 intercidere
562 1888 679 1942 uomina:
698 1885 731 1941 de
750 1887 819 1942 sacto
842 1887 911 1941 baud
931 1887 1082 1959 ambigitur.

285 1964 388 2018 Neutro
405 1963 569 2019 inclinaverat
590 1965 700 2029 fortuna,
719 1964 799 2019 donec
816 1964 904 2019 adulta
920 1968 998 2019 nocte
1020 1966 1084 2020 luna
1134 2016 1135 2021 ,

264 2047 393 2113 §surgens
416 2041 562 2096 ostenderet
585 2043 652 2097 acies
675 2041 830 2113 falleretque.
877 2040 927 2097 Sed
950 2040 1083 2097 Flavianis

286 2120 382 2191 aequior
405 2138 421 2173 a
443 2123 532 2191 tergm
556 2120 616 2175 hinc
636 2120 745 2191 majores
769 2138 892 2191 equorum
916 2120 1084 2191 rirommque

285 2198 389 2262 umbrae,
407 2199 433 2252 et
445 2197 516 2261 falso,
529 2201 560 2251 ut
574 2197 601 2251 iu
618 2212 731 2267 corpora,
750 2196 805 2251 ictu
821 2197 873 2251 tela
887 2198 1001 2252 hostium
1016 2199 1085 2252 citra

287 2275 427 2329 cadebant:
446 2274 576 2329 Vitelliani
593 2273 699 2329 adverso
717 2274 812 2329 lumine
830 2275 991 2341 collucentes,
1009 2276 1084 2330 velut

242 2352 281 2407 24
288 2370 320 2407 ex
336 2350 436 2406 occulto
456 2351 634 2422 jaculantibus,
653 2351 750 2406 incauti
772 2352 949 2407 offerebantur.
993 2352 1085 2424 Igitur

289 2428 423 2493 Antonius,
447 2428 493 2483 ubi
516 2445 620 2483 noscere
644 2446 704 2483 suos
732 2429 852 2499 noscique
876 2432 985 2499 peterat,
1018 2428 1083 2485 alios

287 2504 384 2577 pudore
407 2508 434 2559 et
456 2506 563 2576 probris,
591 2506 685 2561 multos
706 2505 780 2561 laude
804 2511 830 2561 et
854 2506 966 2572 hortatu,
991 2524 1082 2561 omues

288 2601 334 2653 spe
351 2583 530 2651 promissisque
546 2582 692 2648 accendens,
706 2584 720 2612 ‘⁴
733 2600 779 2638 cur
794 2602 896 2638 rursum
912 2584 1083 2653 sumpsissent

289 2659 384 2722 arma,”
402 2658 559 2713 Pannonicas
579 2659 693 2729 legiones
713 2659 903 2732 interrogabat:
922 2665 937 2691 ‘⁴
949 2659 1006 2715 illus
1025 2680 1083 2717 esse

289 2754 391 2807 campos
413 2736 441 2789 in
464 2733 555 2803 quibus
583 2735 682 2791 abolere
709 2736 791 2792 labem
814 2738 906 2809 prioris
926 2737 1081 2807 ignominia,

268 2813 335 2868 aubi
358 2828 507 2882 recuperare
529 2810 634 2881 gloriam
657 2814 786 2882 possent.''
822 2814 885 2869 Tum
905 2814 936 2869 ad
959 2814 1081 2870 Moesiccs

291 2907 426 2943 conversus
450 2887 574 2958 principes
598 2901 763 2959 auctoresque
786 2890 845 2945 belli
868 2891 966 2946 ciebat:
987 2892 1080 2947 “irns-

291 2969 333 3021 tra
352 2965 426 3019 minis
446 2967 474 3018 et
494 2963 577 3018 verbis
597 2972 747 3035 provocatos
768 2966 926 3034 Vitellianos,
947 2966 970 3023 si
988 2984 1079 3023 manus
