2575 3592
203 467 224 505 Δ
244 466 264 505 n
282 466 326 514 ω]
387 403 636 453 fflsuosrslwn
655 404 690 453 11.
709 404 811 456 'IS-81.
966 408 998 457 95

202 513 380 571 tesordiueut
388 514 500 587 legatum
514 515 658 581 salutaturi,
668 516 892 587 “Imperatorem’'
901 516 997 573 soluta·

201 609 273 647 vese.
307 591 375 646 unm
385 593 472 647 ceteri
482 609 621 658 soeurrsre,
634 594 759 649 Cesaram
773 597 799 649 et
811 595 959 667 Augustum
970 600 997 649 et
1006 608 1021 653 s

201 669 288 724 omnia
298 668 455 739 principatus
466 668 589 725 vocabula
596 670 733 725 cumulare.
766 670 843 726 Mens
856 688 871 725 a
882 675 954 727 metu
966 671 998 727 ad

201 746 330 801 fortunam
344 747 488 802 inmane
522 746 556 801 In
570 746 627 817 ipso
639 747 702 803 nihil
716 746 849 813 tumidum,
867 765 996 821 arrogans,

201 826 248 878 aut
257 823 285 877 in
295 821 372 877 robus
383 822 457 878 nouis
468 840 563 878 norum
571 823 629 877 fuit.
656 824 694 881 Ut
706 825 816 895 primns
825 828 904 881 tante
916 832 997 881 muta·

200 898 280 955 donis
292 899 399 954 offusam
414 899 494 954 oculis
507 900 640 971 caliginem
652 899 761 969 disjecit,
774 901 916 957 militariter
928 901 996 957 locu-

200 981 245 1045 tus
258 976 317 1031 istu
327 976 413 1030 omnia
423 981 450 1031 et
461 976 589 1031 effluentia
600 978 710 1047 excepit.
746 978 863 1051 Namque
875 977 901 1033 id
913 978 1018 1051 ipsunt

200 1053 336 1125 opperiens
356 1052 492 1108 Mucianus
511 1053 618 1109 alacrem
636 1054 743 1109 militem
763 1054 791 1110 iu
807 1055 885 1111 verbu
902 1054 996 1127 Vespn·

200 1129 267 1185 sinui
278 1128 372 1201 adegit
408 1131 473 1184 'lum
488 1130 697 1185 Antiochensium
713 1132 842 1187 theatrum
856 1132 994 1203 ingressus,

165 1266 169 1272 ,
199 1206 246 1262 ubi
264 1206 315 1261 illis
334 1206 478 1262 consultare
496 1224 553 1261 mos
572 1212 621 1273 est,
636 1212 815 1263 concurrentes
831 1208 994 1265 etinadula-

199 1283 298 1338 tionem
316 1283 409 1338 effusos
427 1282 571 1355 alloquitur,
591 1284 655 1339 satis
675 1284 781 1339 decorius
806 1286 884 1341 etiam
907 1286 996 1343 Graeca

198 1359 330 1424 facundis,
349 1359 509 1432 omniumque
529 1378 586 1431 qus
608 1360 704 1416 diceet
728 1366 805 1433 atque
829 1369 917 1433 agerem
939 1368 995 1418 arte

200 1434 313 1506 quadarn
323 1440 471 1491 ostentator.
506 1434 580 1492 Nibil
590 1454 662 1508 eque
678 1438 830 1509 prouinciam
843 1439 1018 1502 exordium-4

201 1530 255 1582 que
264 1512 379 1568 accendit
390 1530 464 1584 mam
474 1513 544 1585 quod
555 1512 715 1570 asseverabat
727 1515 864 1571 Mucianus
873 1514 995 1572 statuisse

201 1588 345 1654 Vitellium,
354 1594 384 1644 nt
395 1590 557 1646 Geminium
565 1590 679 1663 legiones
691 1592 718 1647 in
728 1592 824 1664 Syriam
837 1590 869 1647 sd
880 1592 995 1647 militiam

200 1664 349 1737 opulentam
360 1666 521 1738 quietamque
536 1667 694 1735 transferret,
707 1672 797 1725 contra
813 1669 922 1741 Syriacis
933 1668 995 1741 legi-

199 1741 295 1799 onibus
314 1742 464 1800 Germauiea
489 1744 600 1810 biberua,
627 1744 689 1800 celo
718 1764 748 1801 so
771 1744 898 1801 laboribus
924 1745 995 1814 dura,

199 1823 370 1876 mutarentur.
407 1820 509 1893 Quippe
520 1825 548 1877 et
559 1821 724 1893 provinciales
736 1826 809 1879 sueto
821 1823 930 1879 rnilitum
937 1841 1016 1887 cone

200 1897 321 1953 tuberuio
328 1897 480 1969 gaudebuut
493 1899 606 1969 plerique
617 1900 846 1957 necessitudinibus
858 1904 884 1957 et
893 1900 995 1972 propiu-

200 1974 344 2045 quitatibus
363 1975 456 2042 mixti;
479 1981 506 2033 et
523 1975 645 2031 militibus
666 1982 794 2033 vetustate
813 1978 995 2049 stipendiorum

200 2055 265 2105 note
275 2056 302 2107 et
313 2052 446 2108 familiaria
460 2057 546 2108 castus
560 2052 589 2122 in
601 2054 705 2109 modum
716 2055 846 2125 penatium
857 2054 994 2127 diligeban-

201 2132 255 2182 tur.
290 2130 360 2183 Ante
368 2128 522 2185 IdusJulins
531 2130 604 2201 Syria
614 2132 696 2186 omnis
707 2132 830 2187 ineodem
838 2136 1037 2194 sacramentossl

200 2205 262 2259 luit.
297 2206 434 2261 msere
450 2223 509 2261 oum
527 2224 606 2278 regno
622 2208 754 2263 Sohsmus
768 2207 835 2263 baud
847 2206 994 2279 spernendis

201 2280 307 2346 simbus,
320 2283 463 2338 Antiochus
475 2284 583 2339 vetustis
594 2284 685 2355 opibus
701 2285 798 2355 iugens,
815 2288 842 2339 et
858 2284 994 2341 inseruien-

199 2359 268 2413 tinm
278 2376 369 2429 Qum
380 2359 528 2415 ditissimus.
564 2360 629 2415 Mox
637 2380 683 2432 per
691 2360 804 2415 occultos
816 2378 920 2417 suorum
931 2380 994 2417 nun·
1009 2371 1020 2415 2

199 2436 252 2490 tios
270 2436 370 2491 excitus
390 2437 423 2492 ab
442 2436 506 2492 urbe
523 2437 646 2508 Agrippa,
667 2438 757 2509 ignaro
780 2437 863 2494 adbuc
882 2439 994 2508 Vitellio,

199 2512 277 2567 celeri
298 2512 461 2585 navigatione
482 2518 668 2585 properaverat.
712 2514 769 2570 Nec
792 2515 888 2571 minore
909 2518 994 2572 auimo

200 2589 289 2661 regins
299 2589 422 2645 Berenioe
436 2596 522 2661 portes
530 2590 643 2661 juvabat,
656 2592 749 2647 florens
764 2596 840 2648 oetste
854 2592 992 2665 formaque,

201 2670 229 2720 et
240 2666 295 2721 seui
302 2684 403 2737 quoquc
412 2667 568 2739 Vespasiano
576 2669 763 2739 magnificentia
768 2688 897 2725 munerum
911 2677 993 2740 gratu.

202 2742 330 2814 Quicquid
342 2744 527 2815 provinciarum
542 2745 645 2800 alluitur
662 2746 726 2801 mari
737 2747 799 2801 Asia
810 2752 887 2819 atque
898 2747 1016 2805 Achaiae

201 2824 285 2885 tenus,
303 2827 476 2893 quantumque
493 2822 618 2877 introrsus
636 2823 665 2877 iu
683 2824 795 2879 Pontum
814 2830 840 2879 et
860 2824 993 2879 meaios

200 2897 319 2968 putescit,
334 2899 460 2970 juravere.
495 2898 546 2954 Sed
563 2900 671 2955 inermes
688 2901 767 2973 legati
784 2900 913 2971 regebant,
931 2917 993 2953 non-
1047 2912 1048 2915 ’

200 2973 263 3030 dum
274 2974 368 3031 additis
379 2975 545 3048 Cappadocis
556 2976 705 3049 legionibus.
736 2976 876 3031 Consilium
884 2973 916 3028 de
927 2983 1016 3029 sum-4
