2575 3592
197 502 214 540 Λ
231 499 251 540 D
270 500 312 551 ⁰9]
366 438 617 487 HISTORIARUM
633 439 678 486 IV.
696 439 797 487 :ta-36.
935 439 980 491 179

193 552 339 621 praesidium
357 552 480 617 cobortes,
497 552 568 606 velut
584 550 665 605 multa
680 568 742 623 pace
759 549 858 621 ingredi
875 552 980 621 accepit,

193 645 279 682 rarum
298 627 364 699 apud
379 629 451 700 signa
466 629 578 696 militem,
600 647 669 682 arma
686 628 713 683 in
728 626 856 694 vehiculis,
875 641 981 683 cunctos

192 704 297 759 licentia
307 722 392 777 vagos,
406 706 560 777 compositus
571 705 675 770 invadit,
688 706 823 776 praemissis
835 705 879 775 qui
890 711 981 775 pontes

192 790 221 837 et
232 784 330 837 viarum
343 788 452 854 angusta
462 783 607 838 insiderent.
642 784 788 855 Pugnatum
797 782 872 854 longo
882 784 1003 855 agmine3

192 866 221 915 et
238 860 336 915 incerto
354 861 448 926 Marte,
464 860 544 915 donec
559 861 673 933 pralium
689 879 741 915 nox
758 860 893 915 dirimeret.
931 861 981 915 Co·

193 938 280 992 hortas
304 937 444 992 Geldubam
466 956 606 1009 perrexere,
626 938 793 1005 manentibus,
817 944 847 993 ut
870 938 980 1003 fuerant,

191 1014 292 1081 castris,
307 1033 362 1085 quae
378 1014 523 1069 relictorum
540 1014 591 1070 illic
606 1015 715 1069 militum
731 1014 847 1085 praesidio
862 1015 981 1070 teneban-

191 1097 243 1147 tur.
281 1093 342 1146 Nou
353 1096 407 1146 erat
420 1091 524 1147 dubium
532 1096 654 1163 quantum
666 1092 694 1147 in
704 1110 821 1162 regressu
828 1092 981 1147 discriminis

191 1168 337 1223 adeundum
354 1170 421 1223 foret
438 1169 666 1224 frumentatoribus
684 1169 782 1223 onustis
798 1170 979 1240 perculsisque.

190 1246 274 1301 Addit
290 1246 415 1301 exercitui
431 1264 478 1301 suo
494 1246 593 1301 Vocula
610 1246 677 1301 mille
692 1246 802 1301 delectos
818 1264 833 1300 e
850 1247 940 1317 quinta
954 1250 1004 1301 et4

192 1324 284 1395 quinta
293 1322 389 1377 decima
399 1322 541 1394 legionibus
553 1324 620 1393 apud
640 1324 732 1379 Vetera
746 1323 863 1388 obsessis,
876 1324 981 1378 indomi-

191 1405 250 1455 tum
262 1399 367 1453 militem
379 1404 405 1455 et
417 1400 523 1456 ducibus
530 1401 664 1455 insensum.
699 1400 789 1455 Plures
801 1418 876 1471 quam
881 1400 980 1471 jussum

192 1480 250 1532 erat
269 1477 377 1547 proiecti
391 1477 473 1547 palam
487 1478 514 1532 in
533 1478 631 1551 agmine
648 1478 790 1533 fremebant
803 1496 856 1532 non
871 1496 899 1531 se
914 1478 983 1532 ultra

192 1555 295 1619 laniem,
307 1553 409 1608 insidias
422 1553 562 1626 legatorum
578 1556 738 1611 toleraturos.
773 1556 869 1627 Atqui
885 1562 1004 1610 neman-5

194 1635 289 1696 serant,
303 1630 415 1685 desertos
424 1650 452 1686 se
461 1631 570 1687 abducta
580 1637 653 1703 parte
664 1632 792 1704 legionum
804 1632 983 1703 querebantur.

192 1708 298 1779 Duplex
313 1708 372 1763 binc
388 1708 486 1774 seditio,
504 1710 558 1765 aliis
574 1710 751 1765 revocantibus
771 1711 904 1776 Voculam,
927 1711 982 1765 aliis

192 1786 276 1841 mum
293 1786 321 1840 sn
338 1790 421 1841 casea
439 1785 614 1842 abnuentibus.
650 1788 758 1843 nuum
776 1788 864 1843 Civilis
887 1788 1027 1845 veterato
1138 1758 1148 1769 ’

192 1862 365 1920 circumsedit.
401 1862 500 1918 Vocula
516 1864 656 1919 Geldubam
671 1869 747 1936 atque
764 1864 823 1920 inde
843 1865 984 1920 Novesium

193 1940 328 1995 concessit.
365 1939 454 1995 Civilis
470 1941 538 2011 capit
557 1941 711 2008 Geldubam
730 1960 789 1997 mox
807 1942 876 1997 baud
895 1942 984 2013 procul

193 2017 308 2072 Novesio
325 2017 438 2089 equestri
452 2017 537 2087 praelio
551 2036 671 2090 prospere
689 2019 803 2074 certavit.
840 2018 891 2073 Sed
910 2018 1006 2073 miles2

195 2094 312 2149 secundis
327 2094 489 2165 adversisque
505 2096 607 2166 perinde
627 2096 655 2151 in
670 2097 776 2152 exitium
789 2096 880 2151 ducum
897 2114 985 2150 accen·

195 2170 311 2225 debatur.
357 2173 393 2227 Et
417 2172 527 2227 adventu
551 2174 729 2244 quintanorum
753 2172 983 2245 quintadecimano·
1040 2196 1047 2212 κ

195 2264 304 2318 rumque
316 2255 397 2303 anctae
412 2249 524 2321 legiones
537 2250 682 2305 donativum
695 2257 843 2321 exposcunt,
855 2254 985 2319 comperto

196 2324 331 2397 pecuniam
343 2344 358 2379 a
375 2326 480 2381 Vitellio
496 2327 607 2382 missam.
642 2329 700 2383 Nec
712 2328 757 2381 diu
768 2331 903 2381 cunctatus
915 2327 1007 2383 Hor-3

194 2402 303 2457 deonius
323 2402 423 2458 nomine
443 2404 592 2475 Vespasiani
611 2404 689 2459 dedit.
725 2404 806 2475 quue
829 2404 986 2475 praecipuum

195 2480 246 2535 init
267 2478 399 2535 seditionis
419 2480 573 2536 alimentum.
609 2482 692 2537 Effusi
705 2481 732 2535 in
748 2481 834 2535 luxum
854 2485 881 2536 et
898 2483 986 2553 epulas

196 2561 224 2612 et
240 2561 380 2613 nocturnos
398 2562 480 2613 coetus
497 2562 609 2614 veterem
626 2560 654 2613 in
671 2558 847 2613 Hordeonium
863 2558 928 2613 iram
948 2578 986 2614 re·

197 2640 299 2701 novant,
309 2654 357 2691 nac
369 2636 421 2691 ullo
433 2637 574 2709 legatorum
586 2637 777 2692 tribunorumve
788 2636 912 2693 obsistere
923 2656 986 2692 auso

199 2710 305 2783 (qnippe
316 2731 416 2768 omnem
434 2714 556 2785 pudorem
572 2732 623 2769 nox
641 2715 788 2784 ademerat)
801 2718 957 2786 protractum
971 2732 986 2767 e

197 2788 276 2843 cubili
287 2789 450 2845 interficiunt.
480 2790 576 2845 Eadem
588 2792 616 2845 in
627 2792 751 2847 Voculam
762 2793 923 2863 parabantur,
936 2790 986 2844 nisi

197 2865 285 2921 servili
301 2866 391 2921 babitu
408 2886 454 2939 per
471 2868 589 2923 tenebras
606 2868 738 2941 ignoratus
759 2870 888 2925 erasisset.
924 2867 1010 2936 Ubi,4

196 2942 288 2997 sedato
303 2941 407 3015 impetu,
426 2948 510 3001 metus
526 2944 609 3011 rediit,
622 2946 783 3001 centuriones
800 2964 858 3000 cum
872 2943 986 3013 epistolis

196 3018 230 3077 ad
241 3019 361 3081 amaus
379 3020 515 3079 Galliarum
529 3022 628 3093 misere,
645 3023 739 3079 auxilia
753 3041 783 3077 ac
795 3019 920 3092 stipendia
931 3037 987 3074 ora-
