2575 3592
292 399 337 446 118
619 397 740 445 TACITI

915 458 949 505 [n
961 457 989 495 n.
998 454 1023 495 e.
1033 456 1078 497 sai.

288 506 494 579 irrumpentibus,
507 510 534 561 et
546 507 666 578 majorem
679 507 793 579 rapiendi
803 507 939 562 licentium.
976 505 1081 565 Quodsi

289 584 371 640 lucem
383 584 552 655 opperiantur,
562 585 615 655 jum
627 603 722 655 pacem,
733 585 785 654 jam
796 602 883 655 preces
896 588 922 638 et
933 601 980 653 pro
991 582 1081 637 labore
1094 621 1097 633 ,

289 680 319 716 ec
336 661 481 716 vulneribus
501 661 658 716 clementiam
676 665 702 715 et
720 662 832 733 gloriam,
850 661 941 725 inania,
963 660 1080 715 loturos:

289 737 335 793 sed
354 756 415 809 opes
435 738 641 793 Cremonensium
660 738 687 792 in
707 740 764 793 sinu
784 737 961 808 prefectorum
980 736 1082 807 legato·

289 833 396 885 rumque
412 815 475 869 fore.
510 816 670 886 Expugnatee
690 814 760 869 urbis
781 814 891 885 praedom
911 812 943 867 od
964 812 1082 878 militem,

263 892 381 947 odedire
401 892 433 947 ad
453 893 529 948 duces
546 894 700 964 pertinere.”
737 893 898 962 Spernuntur
917 890 1083 947 centuriones

290 968 442 1039 tribunique,
464 988 612 1024 ueneror
635 970 785 1040 cujusquam
808 968 932 1033 audiatur,
957 967 1083 1037 quatiunt

245 1050 366 1110 souma,
378 1046 479 1116 rupturi
494 1045 635 1117 imperium,
645 1047 674 1101 ni
689 1045 822 1100 ducentur.
857 1045 922 1099 {lium
941 1044 1082 1107 Antonius,
1139 1100 1140 1109 χ

289 1121 402 1176 inserens
422 1140 451 1177 se
469 1123 611 1193 manipulis,
629 1122 675 1177 ubi
695 1124 800 1192 aspectu
824 1125 850 1176 et
872 1120 1026 1175 auctoritate
1047 1121 1083 1175 si-

289 1198 396 1253 lentium
413 1198 515 1263 feceret,
534 1218 585 1253 non
603 1218 631 1254 se
652 1198 728 1253 deens
744 1215 826 1267 noque
847 1197 958 1268 pretium
979 1197 1081 1267 eripere
1139 1260 1140 1267 χ

289 1278 342 1328 tam
353 1274 417 1329 bene
428 1275 525 1329 meritis
537 1275 684 1341 affirmabat,
695 1274 763 1329 “sed
772 1274 851 1329 divisa
862 1273 929 1329 inter
938 1273 1082 1327 exercitum

289 1350 528 1422 ducesquemnuie:
547 1352 669 1407 militibus
686 1352 828 1422 cupidinem
843 1350 973 1421 pugnandi
987 1368 1081 1405 conre-

289 1428 343 1482 uire
353 1448 361 1493 ;
389 1427 466 1483 duces
483 1428 644 1499 providendo,
663 1428 835 1492 consrdtundo,
854 1426 1016 1482 cunctatione
1034 1446 1081 1483 sse·
1139 1482 1140 1485 ,

268 1504 433 1576 ipiusquem
444 1504 734 1575 temeritateprodesse.
764 1505 803 1559 Ut
815 1522 861 1573 pro
873 1503 939 1557 virili
951 1503 1078 1573 portione,
1139 1504 1140 1535 ³

289 1582 365 1637 armis
382 1600 412 1637 ac
429 1601 512 1647 manu,
530 1583 661 1637 victorium
676 1582 779 1653 juverit,
797 1582 895 1637 ratione
915 1584 942 1635 et
963 1581 1078 1647 consilio,

288 1659 396 1730 propriis
417 1658 487 1714 ducis
505 1659 609 1723 artibus,
627 1659 796 1729 profuturum.
832 1657 924 1727 Neque
941 1657 1009 1711 enim
1026 1676 1079 1713 nm·

287 1735 365 1805 bigua
388 1754 443 1790 esse
467 1754 523 1806 quae
546 1740 687 1801 occurrent,
711 1740 812 1791 noctem
836 1741 863 1789 et
880 1734 975 1805 ignota
997 1735 1079 1791 sitnm

287 1812 365 1876 urbis,
392 1812 461 1866 intus
495 1812 582 1866 hostes
614 1815 641 1867 et
673 1816 765 1867 cuneta
793 1809 892 1866 insidiis
924 1816 1077 1881 opportuna

265 1888 349 1942 tNon
372 1888 395 1942 si
418 1893 522 1958 pateant
545 1892 632 1959 portae,
657 1889 707 1943 nisi
730 1888 867 1959 explorato,
892 1887 1013 1953 nisidio,
1037 1889 1079 1945 iu-

286 1964 413 2019 trandum.
449 1966 492 2019 An
517 1966 732 2036 oppugnationem
761 1966 930 2029 inchoaturos,
957 1964 1077 2035 adempto

286 2042 356 2095 omui
378 2045 522 2113 prospectu,
547 2043 604 2112 quis
631 2061 718 2113 oeqnus
746 2042 824 2107 loeus,
849 2045 944 2113 quanta
967 2041 1078 2099 altitudo

286 2118 412 2184 moenium,
433 2119 599 2173 tormentisne
619 2123 647 2173 et
670 2119 727 2173 telis
748 2137 781 2173 an
804 2119 921 2189 operibus
943 2122 970 2173 et
993 2118 1077 2175 vineis
1139 2164 1140 2197 p

264 2195 454 2267 ingredienda
475 2195 537 2250 urbs
557 2196 650 2250 ioret.’'
685 2196 749 2249 Mox
774 2214 909 2250 conversus
933 2194 965 2251 cd
987 2196 1077 2267 singu·
1139 2198 1140 2245 i

285 2270 331 2335 los,
358 2278 446 2327 “num
476 2290 576 2327 secures
605 2271 771 2342 dolabrasque
800 2276 826 2325 et
856 2276 947 2327 caetere
975 2289 1076 2342 expug-

285 2347 375 2401 nandis
392 2348 498 2403 urbibus
514 2366 600 2403 secum
616 2348 780 2403 attulissent'
793 2348 928 2419 rogitabat.
963 2347 999 2402 nt
1015 2366 1078 2403 curn

286 2422 431 2489 abnuerent,
457 2425 627 2495 “gludiisne,”
652 2424 742 2495 inquit,
768 2429 819 2479 “et
842 2424 900 2495 pilis
918 2424 1077 2495 perfringere

264 2511 315 2557 tec
338 2499 458 2555 subruere
478 2520 563 2555 muros
582 2500 639 2555 ulle
656 2520 745 2555 manus
762 2502 890 2571 possuntt
909 2500 937 2555 Si
954 2518 1076 2571 aggerem

285 2579 391 2640 struere,
411 2576 434 2630 si
456 2576 548 2646 pluteis
572 2578 715 2633 cratibusve
738 2578 838 2648 protegi
860 2594 963 2632 necesse
986 2576 1075 2645 fuerit,

284 2655 316 2705 ut
344 2652 436 2721 vulgus
464 2652 639 2721 improvidum,
667 2654 734 2708 irriti
757 2654 887 2718 stabimus,
912 2652 1075 2709 altitudinem

284 2727 394 2781 turrium
414 2732 441 2781 et
461 2727 542 2781 aliena
560 2730 717 2784 munimenta
736 2730 875 2785 mirantes?
894 2729 965 2789 Quin
985 2729 1074 2799 potius

285 2820 356 2856 mora
366 2803 448 2858 noctis
459 2803 542 2868 unius,
554 2804 665 2859 advectis
681 2806 813 2860 tormentis
827 2806 1007 2875 machinisque,
1020 2806 1075 2862 rim

264 2877 465 2951 tviotoriumque
481 2878 611 2933 nobiscum
628 2880 768 2935 ierimust''
789 2882 869 2937 Simul
885 2881 948 2935 liras
960 2880 1075 2937 calones·

286 2972 344 3024 que,
367 2973 426 3010 cum
448 2955 626 3011 recentissimis
654 2957 776 3027 equitum,
804 2957 956 3015 Bedriacum
981 2958 1074 3027 mittit,
