2575 3592
208 483 237 521 Δ
245 480 274 520 D
283 479 327 529 ⁶⁹]
377 417 630 467 HISTORIARUM
648 417 700 465 111.
720 416 821 466 74-78
951 418 995 463 151

209 535 269 585 suta
283 479 337 588 dids
348 528 498 589 discesserat
509 530 618 601 Apinius
629 530 689 585 'Piro
690 528 832 599 ,donisque
844 544 872 583 ac
884 528 998 599 pecuniis

208 606 300 664 acerbe
318 626 364 678 per
378 608 515 678 municipia
533 570 710 697 conquirendis
728 606 786 677 plus
804 604 905 661 invidie
923 622 997 677 quam

208 686 302 739 virium
313 685 428 755 partibus
441 684 556 741 addebat.
593 687 636 739 Int
624 686 700 740 terim
717 684 750 739 ad
763 684 794 739 L.
803 684 850 737 Vr
851 683 935 737 ellium
948 700 1000 737 ser·
1009 680 1046 741 77

208 780 258 816 vus
269 762 383 833 Verginii
399 762 531 833 Capitonis
542 763 662 834 perfugit,
679 761 864 833 pollicitusque,
881 760 902 815 si
915 758 1004 830 proesi·

209 840 282 894 dium
293 840 426 910 acciperet,
434 858 541 895 vacuam
553 859 636 895 arcem
647 839 809 894 traditurum.
828 838 914 893 Multa
925 839 1001 891 nocte

209 917 330 972 oebortes
344 916 475 987 expeditas
493 919 596 973 summis
612 918 737 973 montium
753 916 822 987 jugis
836 934 913 985 super
924 916 1001 985 caput

210 994 324 1049 hostiurn
339 995 416 1049 sistit.
453 994 518 1049 Inde
534 994 606 1050 miles
623 994 656 1049 ad
673 994 766 1049 cundem
781 992 863 1063 magis
878 1010 953 1063 quarn
969 989 1002 1045 ad

210 1090 325 1144 pugnam
352 1071 471 1127 decurrit.
508 1072 633 1127 Sternunt
660 1072 770 1126 inermos
799 1074 844 1124 aut
868 1088 938 1124 arma
962 1086 1003 1123 cs·

210 1150 321 1221 pientes,
338 1153 365 1203 et
379 1148 501 1219 quosdam
519 1167 608 1204 somno
624 1149 731 1213 excitos,
749 1166 806 1202 cum
820 1146 940 1211 tenebris,
960 1163 1004 1217 pe-

210 1244 282 1292 core,
311 1226 398 1280 souitu
426 1226 554 1294 tubarum,
583 1227 692 1281 clamore
718 1224 805 1279 hostili
830 1223 1002 1278 turbarentur.

211 1302 295 1359 Pauci
320 1302 488 1371 gladiatorum
511 1304 661 1359 resistentes
684 1320 767 1373 neque
789 1300 865 1355 inulti
883 1299 1027 1355 occideret

214 1380 311 1435 Caeteri
334 1379 366 1433 ad
388 1398 465 1436 naves
484 1381 600 1448 ruebant,
625 1380 670 1436 ubi
688 1384 780 1435 cuncta
797 1378 852 1449 pari
872 1376 1005 1433 formidine

213 1455 416 1527 implicabantur,
428 1458 560 1528 permixtis
571 1458 684 1530 paganis,
701 1476 764 1528 quos
776 1454 845 1510 nullo
862 1454 1006 1509 discrimina

214 1532 350 1588 Vitelliani
371 1534 539 1597 trucidabant.
576 1536 627 1591 Sex
647 1534 789 1590 Liburnica
807 1532 875 1587 inter
897 1530 1005 1603 primum

213 1610 354 1666 tumrdtum
378 1629 487 1680 evasere,
510 1613 539 1667 in
562 1613 619 1685 quis
642 1612 778 1683 prefectus
801 1608 887 1665 classis
910 1606 1007 1679 Apolli

213 1690 301 1755 uaris3
327 1688 430 1760 relique
450 1690 478 1745 in
499 1690 574 1745 litore
598 1694 686 1761 capta,
710 1693 754 1743 aut
777 1687 855 1743 nimio
878 1685 1008 1743 ruentium

212 1785 292 1822 onere
308 1785 409 1837 pressas
427 1785 496 1821 mare
512 1767 605 1822 hausit.
641 1767 767 1831 Julianus,
781 1764 813 1820 sd
828 1764 859 1820 Is.
872 1762 1027 1819 Vitelliums

211 1844 362 1916 perductus,
375 1848 402 1898 et
414 1843 561 1899 verberibus
572 1836 690 1911 ioedatus,
702 1844 729 1899 in
741 1862 784 1899 ore
802 1842 856 1913 ejus
866 1842 1006 1913 jugulatur.

211 1922 298 1976 Fuere
322 1921 367 1992 qui
394 1938 499 1975 uxorem
527 1922 559 1976 L.
572 1921 672 1976 Vitellii
696 1920 818 1977 'l'riurn'nn
846 1920 1008 1987 incesserent,

211 2003 340 2070 tauquam
355 1997 441 2069 gladio
456 1998 560 2053 militari
577 1999 662 2053 cincta
678 1999 744 2053 inter
759 1998 857 2053 luctum
874 1996 1008 2067 cladesque

213 2080 369 2147 expugnatae
386 2076 529 2130 Tarracius
544 2076 653 2147 superbe
674 2094 789 2147 serveque
810 2074 911 2146 egisset.
948 2074 1008 2143 Ipse

213 2153 328 2207 lerneam
344 2158 423 2225 gestoe
441 2170 562 2224 prospere
579 2154 617 2207 rei
633 2152 666 2207 ad
684 2153 790 2207 fratrem
802 2151 879 2219 misit,
891 2167 1009 2222 perennc
1041 2164 1046 2205 ,’

213 2234 290 2285 tatus
317 2230 404 2284 statim
427 2229 529 2301 regredi
552 2248 581 2284 sc
605 2248 637 2284 an
666 2228 843 2301 perdomanda
869 2226 1010 2297 Campanis

213 2307 336 2363 insistere
353 2306 462 2377 juberet·
499 2306 577 2367 Quod
600 2308 711 2363 salutare
734 2324 786 2361 uon
803 2304 878 2360 ruodo
895 2302 1033 2376 partibust

213 2382 372 2455 Vespasiani
392 2384 437 2439 sed
453 2383 599 2455 reipublice
615 2385 674 2439 suit.
728 2384 797 2439 Nam
815 2384 837 2438 si
854 2400 942 2437 recens
959 2382 1012 2438 vic·

213 2462 285 2517 turia
292 2461 374 2526 miles,
384 2466 410 2515 et
422 2480 499 2532 super
510 2457 614 2516 insitam
625 2461 791 2532 pervicaciam
804 2459 920 2517 secundis
932 2459 1012 2526 ferox,

216 2540 329 2594 Romam
350 2538 531 2606 contendisset,
547 2538 617 2593 hsud
637 2556 717 2609 parva
734 2538 800 2594 mole
821 2542 946 2594 certatum
965 2555 1013 2593 nec

218 2616 274 2669 sinc
290 2615 373 2670 exitio
396 2614 468 2670 urbis
492 2615 567 2670 soret.
603 2616 708 2687 Quippe
728 2618 756 2671 L.
770 2615 884 2681 Vitellio,
898 2614 1012 2687 quamvis

218 2692 314 2761 1111ιωὶ,
329 2692 413 2747 inerat
433 2692 576 2759 industria;
600 2710 647 2747 nec
668 2693 815 2759 virtutibus,
837 2698 868 2748 ut
887 2693 954 2757 boui,
968 2690 1012 2747 scd

219 2768 345 2840 quomodo
356 2770 482 2841 pessimus
494 2769 661 2840 qmquem
623 2769 661 2823 vit
662 2769 693 2824 iis
706 2770 813 2825 valebat.

225 2845 326 2900 Dum
348 2847 434 2902 brec
426 2865 454 2901 ru
473 2846 656 2917 partibust
609 2846 656 2899 Vit
658 2845 709 2899 cllii
730 2850 861 2917 geruntur,
885 2844 1013 2913 digressus
1024 2846 1060 2903 78

219 2922 320 2979 Narnia
330 2923 481 2995 Vespasiani
492 2922 620 2977 exerntus
628 2922 679 2976 fest
668 2926 709 2977 tos
722 2924 767 2977 Sat
755 2927 826 2977 turm
818 2921 891 2975 dies
903 2919 1015 2973 Ocriculi

218 3000 363 3073 parotium
380 3000 502 3074 agitabat.
539 2999 624 3055 Causa
638 3003 692 3053 tam
709 3016 794 3070 prave
811 3014 895 3061 morsa,
908 2994 1016 3049 ιι1-Μιι
