2575 3592
332 406 379 453 18⁰
665 402 995 513 tuac1u1[A
1004 464 1033 503 U
1042 465 1067 504 0
1077 464 1122 506 m

330 514 483 582 morabatur,
495 515 565 571 baud
579 514 700 571 diuturna
714 515 797 572 vincla
811 513 878 587 apud
894 514 979 569 avidos
995 514 1125 603 periculo

306 604 388 649 arum
404 597 431 648 et
448 592 577 649 dedecoris
595 610 706 649 securus.
742 593 781 649 llo
801 597 872 647 metu
891 595 917 647 et
938 591 1035 663 parisis,
1059 610 1123 663 quos

330 670 435 725 adversa
454 688 507 725 non
528 673 697 735 mutaverant,
717 668 903 734 comitantibus,
924 669 1045 724 cohortes
1064 668 1124 723 Ari-

328 746 426 801 minum
444 746 584 817 praemittit,
604 746 669 801 alam
688 746 756 801 tueri
775 750 850 818 terga
865 745 954 817 jubet:
971 745 1029 816 ipse
1049 745 1123 800 flexit

327 822 356 877 in
371 823 505 879 Umbriam
519 827 595 895 atque
608 822 669 879 inde
683 822 819 889 Etruriam,
835 822 887 889 ubi,
906 820 1009 912 cognito
1026 840 1124 910 pugna

328 899 506 956 Cremonensis
523 913 626 966 eventu,
644 918 697 955 non
712 900 840 989 ignavum,
859 903 893 968 et,
910 898 933 953 si
950 898 1122 988 provenisset,

328 980 403 1031 atrox
425 977 557 1032 consilium
579 978 644 1046 iniit,
663 981 702 1043 ut,
727 975 1014 1065 arreptnavibus,is1n
1032 994 1123 1047 quam·

328 1070 427 1123 cunque
435 1057 533 1124 partem
541 1054 713 1110 Narbonensis
720 1071 855 1125 provincia
861 1070 986 1125 egressus
993 1051 1123 1108 Gallimet

328 1129 423 1184 exercit
424 1148 454 1185 us
466 1134 493 1185 et
505 1131 645 1186 Germania
657 1134 747 1202 gentes
758 1146 902 1201 nonamque
913 1128 1006 1185 bellum
1018 1129 1112 1185 cieret.

282 1214 319 1267 42
376 1206 499 1276 Digresso
528 1206 646 1273 Valente,
670 1205 783 1279 trepidos
814 1205 860 1277 qui
882 1205 1026 1261 Ariminum
1051 1210 1121 1262 tene

327 1280 397 1349 bant,
411 1283 544 1339 Cornelius
555 1282 664 1345 Fuscus,
680 1283 782 1339 admoto
797 1282 912 1339 exercitu
928 1287 954 1337 et
970 1282 1057 1337 missis
1074 1302 1121 1355 per

327 1360 442 1430 proxima
451 1360 556 1416 litorum
566 1360 719 1429 Liburnicis,
730 1363 800 1416 terra
816 1360 930 1431 marique
944 1359 1120 1415 circumvenit.

303 1436 491 1508 uocoupautur
501 1437 577 1509 plana
587 1434 701 1494 Umbria
716 1442 743 1494 et
755 1456 806 1509 qua
816 1437 926 1493 Picenus
944 1454 1004 1509 ager
1016 1438 1119 1493 Hadria

326 1513 437 1570 alluit-ur.
472 1514 612 1586 Omnisque
634 1514 712 1570 Italia
727 1514 796 1570 inter
812 1514 997 1585 Vespasianum
1018 1532 1050 1570 ac
1074 1516 1120 1571 Vi-

302 1589 424 1649 atellium
441 1590 569 1662 Apennini
581 1592 654 1663 jugis
671 1590 838 1647 dividebatur.
874 1590 968 1646 Fabius
985 1590 1085 1647 Valens
1106 1611 1120 1647 e

325 1667 384 1722 sinu
414 1668 515 1733 Pisano,
540 1668 651 1740 segnitia
676 1668 753 1724 maiis
782 1672 828 1723 aut
855 1668 1004 1723 adversante
1031 1672 1118 1735 vento,

325 1747 428 1813 portum
439 1744 560 1799 Herculis
572 1744 684 1801 Monoeei
696 1744 837 1816 depellitur.
867 1743 946 1799 Haud
957 1744 1049 1815 procul
1060 1746 1120 1802 inde

325 1820 417 1891 agebat
440 1820 540 1875 Marius
567 1821 696 1887 Mutunus,
721 1822 825 1893 Alpium
847 1822 1033 1877 maritimarum
1061 1842 1121 1895 pio-

325 1906 435 1961 eurator‚
450 1896 516 1951 lidus
528 1898 641 1970 Vitellio,
654 1899 728 1970 cujus
740 1902 926 1953 sacramentum
937 1898 1039 1953 cunctis
1052 1901 1122 1955 circa

299 1972 704 2034 4hostilibusnondumexueiat.
731 1974 903 2031 IsValentem
911 1976 1018 2029 comiter
1028 1994 1120 2049 excep

323 2053 387 2117 tum,
411 2068 444 2105 ne
468 2050 575 2106 Galliam
597 2051 791 2108 Narbonensem
813 2055 910 2107 temere
929 2051 1120 2124 ingrederetur,

323 2126 450 2184 mouendo
461 2129 573 2195 terruit3
590 2129 666 2185 simul
678 2133 829 2186 caeterorum
840 2128 903 2185 fides
914 2133 987 2184 metu
996 2129 1120 2186 infracta

322 2206 440 2278 Namque
446 2205 626 2279 ¹circumjectas
637 2206 755 2261 civitates
766 2210 915 2277 procurator
922 2204 1045 2262 Valerius
1053 2208 1122 2263 Pau·

322 2283 398 2349 finus,
417 2287 537 2339 strenuus
556 2282 663 2348 militiae,
681 2286 708 2339 et
725 2282 883 2355 Vespasiano
903 2288 962 2339 aute
985 2282 1122 2340 fortunam

273 2372 312 2424 43
322 2360 425 2425 arnicus,
437 2361 465 2415 in
475 2360 553 2415 verba
563 2358 619 2431 ejus
631 2358 768 2431 adegerat:

357 2436 520 2508 Concitiaque
531 2437 648 2492 omnibus
660 2436 705 2507 qui
716 2436 874 2492 exauctorati
885 2434 1015 2491 aVitellio
1022 2436 1122 2493 bellum

321 2516 411 2582 sponte
418 2512 559 2581 sumebant,
566 2512 765 2585 Forojuliensem
773 2512 903 2579 coloniam,
911 2512 1026 2569 claustra
1033 2516 1122 2584 mans,

319 2588 435 2659 prasidio
443 2588 611 2655 tuebatur,eo
619 2590 720 2662 gravior
729 2592 825 2655 auctor,
839 2588 908 2661 quod
916 2589 1027 2645 Paulino
1036 2592 1122 2662 patria

319 2665 414 2719 Forum
423 2664 482 2730 Iuli,
488 2668 515 2719 et
524 2664 605 2721 bonos
615 2665 684 2737 apud
691 2665 863 2737 praetorianos,
872 2682 980 2737 quorum
988 2667 1121 2737 quondam

319 2740 439 2797 tribunus
456 2741 548 2796 fuerat.
584 2742 690 2813 Ipsique
707 2742 807 2813 pagani,
819 2742 906 2798 favore
923 2742 1076 2815 municipali
1094 2749 1121 2799 et

294 2833 309 2879 2
319 2818 413 2872 futura
424 2816 546 2887 potentie
557 2835 609 2887 spe,
619 2818 709 2889 juvare
721 2822 807 2889 partes
823 2818 1012 2874 annitebantur.
1053 2820 1121 2879 Qua

319 2894 364 2948 ubi
375 2896 466 2963 paratu
483 2891 555 2946 firma
569 2896 597 2947 et
614 2898 690 2948 aucta
706 2910 808 2949 rumore
825 2893 893 2965 apud
910 2894 994 2949 varios
1012 2894 1120 2951 Vitelli·

319 2986 424 3024 anorum
435 2967 532 3023 animos
540 2967 810 3035 membranaceum
818 2968 921 3037 Valens,
934 2988 994 3027 cum
1003 2980 1119 3043 quatuor
