2575 3592
291 395 323 445 76
626 394 746 444 TACITI

923 456 957 504 [a
966 455 1086 496 musea

267 508 388 561 sumet
410 505 539 576 fugacium
561 505 795 578 circmustrepitur3
825 523 877 560 nou
899 504 1006 576 probris,
1032 523 1087 560 non

290 582 408 638 manibus
432 583 578 650 abstineut;
608 583 763 638 desertorem
781 581 986 654 proditoremque
1004 583 1088 638 inore·

290 664 361 730 pant,
376 659 446 714 nullo
461 660 563 731 proprio
578 660 683 715 crimine
698 661 761 732 ejus,
773 659 818 714 sed
835 677 905 714 more
924 659 995 730 vulgi
1008 679 1087 716 suum

268 736 773 808 equisquellagitiumaliisobjeotantes.
803 737 931 792 'litianum
940 741 967 792 et
979 737 1087 793 Celsum
1145 741 1146 776 ³

291 831 344 868 uox
351 813 427 884 juvit,
440 813 570 884 dispositis
579 814 633 885 jam
644 813 757 870 excubiis
777 814 977 885 compressisque
998 814 1087 870 militi·
1145 809 1146 812 ¹

291 888 348 958 bus,
360 908 425 961 quos
442 890 541 945 Annius
560 891 648 945 Gallus
663 891 775 956 oonsilio,
788 891 914 962 precibus,
929 891 1086 946 auctoritate

291 967 452 1032 deseratus
468 985 546 1038 super
563 966 660 1022 cladem
675 966 786 1022 adversae
802 986 894 1039 pugna
911 966 1019 1022 suismet
1035 967 1088 1038 ipsi

291 1043 403 1099 oedibus
415 1044 549 1100 sentent:
569 1043 762 1099 sirsfiuisbello
771 1044 883 1100 venisset
896 1063 941 1099 seu
954 1061 1088 1100 resumere

291 1138 362 1174 arma
379 1120 490 1185 mallent,
501 1121 604 1176 unicum
622 1121 698 1178 victis
716 1121 744 1176 in
761 1139 887 1176 consensu
904 1121 1086 1178 levamentum.
1145 1165 1146 1190 2

269 1197 399 1253 sceteris
410 1197 507 1253 mactus
522 1199 636 1253 animus:
655 1199 822 1269 praetorianus
836 1197 909 1253 miles
923 1215 974 1252 non
985 1197 1087 1252 virtute

290 1293 321 1330 se
343 1274 389 1330 sed
411 1274 554 1347 proditione
577 1275 675 1330 victum
697 1274 828 1330 fremebat.
872 1275 914 1330 Ne
938 1274 1087 1329 Vitellianis
1145 1265 1146 1284 ¹

291 1352 393 1424 quidem
405 1353 564 1408 incruentam
576 1352 655 1408 trisse
667 1352 805 1417 victoriam,
818 1351 892 1423 pulso
904 1352 997 1423 equite,
1009 1358 1088 1422 rapta

290 1429 398 1502 legionis
417 1430 515 1502 aquila3
540 1447 673 1500 superesse
693 1447 752 1486 cum
772 1429 827 1500 ipso
847 1429 949 1484 Othone
972 1429 1087 1484 militurn
1145 1457 1146 1492 3

268 1518 271 1523 ’
291 1507 361 1579 qnod
382 1512 454 1563 tram
471 1507 571 1562 Padum
590 1507 668 1562 fuerit
677 1529 685 1573 ;
709 1506 796 1562 venire
813 1507 933 1562 Moesicas
950 1506 1067 1578 legiones
1076 1529 1085 1573 3
1145 1507 1146 1512 ’

291 1603 409 1657 magnam
432 1585 559 1640 exercitus
583 1588 681 1655 partem
705 1583 822 1638 Bedriaci
848 1597 1016 1640 remansisse:
1036 1584 1085 1640 hos

291 1668 361 1718 certe
375 1661 488 1716 nondum
504 1662 592 1726 victos,
605 1665 633 1716 et
649 1661 671 1715 si
686 1661 724 1714 ita
741 1661 827 1726 ferret,
840 1661 972 1716 honestius
990 1662 1016 1716 in
1029 1664 1086 1718 acia

268 1732 427 1804 aperiturus.
468 1731 519 1787 His
539 1730 737 1806 cogitationibus
757 1741 843 1786 truces
865 1736 910 1786 aut
928 1731 1021 1803 pavidi,
1042 1751 1086 1788 en-

292 1814 374 1864 trema
385 1808 561 1880 desperatione
572 1808 605 1863 ad
616 1809 679 1864 iram
692 1809 784 1880 sapius
797 1828 873 1881 quam
884 1809 912 1864 in
923 1808 1087 1866 formidinem

292 1884 496 1941 stimulabantur.

245 1965 284 2020 45
326 1962 527 2017 nivicollinus
539 1962 666 2018 exercitus
682 1961 714 2017 ed
726 1962 843 2033 quintum
859 1963 1008 2018 aBedriaoo
1018 1963 1087 2034 lapi·

291 2038 349 2095 dem
367 2037 489 2107 00th
506 2058 557 2094 uon
577 2041 645 2095 ausis
664 2039 771 2096 ducibus
791 2040 878 2095 emam
894 2041 935 2096 die
953 2057 1087 2112 oppugna-

290 2117 387 2172 tionem
400 2122 541 2172 castrorum
553 2137 560 2182 ;
578 2116 654 2172 simul
665 2117 808 2172 voluntaria
816 2117 912 2174 deditio
925 2117 1085 2189 sperabatur.

269 2195 344 2252 assu
361 2194 495 2267 expeditis,
513 2198 541 2250 et
557 2197 659 2248 tarrtum
677 2194 710 2249 ad
732 2195 847 2266 pralium
864 2197 980 2266 egressis,
1000 2197 1086 2252 muni-

291 2277 407 2327 mentum
429 2272 500 2327 iuere
524 2289 594 2326 mma
616 2276 643 2326 et
667 2271 779 2327 victoria.
815 2272 924 2328 Postera
946 2273 994 2338 die,
1013 2273 1086 2329 lraud

269 2350 411 2422 aambigua
422 2348 561 2405 Othoniani
569 2349 695 2404 exercitus
707 2349 847 2416 voluntate,
856 2355 882 2406 et
891 2352 936 2422 qui
947 2338 1085 2408 ferocior'es

291 2427 393 2482 fuerant
417 2427 450 2482 ad
472 2426 645 2498 penitentiam
668 2426 855 2492 inclinantibus,
873 2429 951 2484 missa
972 2429 1084 2500 legatio;

291 2522 339 2559 nec
351 2503 418 2575 apud
430 2503 507 2559 duces
519 2503 668 2559 Vitellianos
681 2503 824 2560 dubitatum
837 2523 887 2576 quo
899 2507 982 2562 minus
994 2524 1085 2578 paoem

269 2580 466 2642 sooucederent.
501 2581 595 2652 Iegati
612 2581 740 2653 paulisper
760 2583 860 2638 retenti.
897 2583 936 2638 Ea
953 2603 993 2638 res
1011 2585 1085 2640 linesi-

291 2660 415 2715 tationem
429 2657 517 2713 attulit
531 2659 625 2730 muana
640 2659 722 2715 adhuc
738 2679 770 2715 an
788 2662 974 2732 impetrissent.
1017 2662 1085 2720 Mox

292 2737 398 2792 remissa
408 2735 534 2808 legatione
545 2737 629 2805 patuit
638 2737 739 2794 vallum
774 2738 840 2792 Tum
850 2739 911 2794 vieti
923 2739 1084 2811 doloresque

292 2817 320 2872 in
342 2817 457 2872 lacrimas
481 2815 562 2880 effusi,
587 2820 681 2870 sortem
705 2817 816 2874 civilium
840 2837 968 2874 amorum
990 2821 1085 2878 misera

270 2894 382 2954 olatitiu
398 2893 562 2949 detestantes.
598 2893 694 2948 lisdem
715 2896 832 2950 tentoriis
845 2896 887 2952 alii
905 2897 1022 2963 fratrum,
1040 2900 1085 2958 alii

293 2971 490 3043 propinquorum
510 2968 615 3025 vulnera
636 2969 764 3027 fovebant.
801 2973 865 3045 Spes
884 2977 911 3028 et
934 2977 1038 3046 premia
1056 2977 1087 3036 iu
