2575 3592
398 373 447 422 DE
464 375 690 424 ousromnus
708 381 747 436 el,
759 382 797 426 ³2
947 381 997 428 rie

198 489 343 542 locuturus
359 501 441 555 neque
458 485 631 555 Stoicorum
647 491 726 542 ortem
743 489 858 558 (recen),
871 487 916 546 sed
927 509 994 557 eum,

198 567 241 636 qui
254 561 381 636 quasdem
393 569 460 618 srtes
477 561 584 626 haurire,
601 580 689 618 omnes
708 563 785 620 libere
801 565 883 620 debet.
920 567 995 622 Ideo-

197 660 249 712 que
269 649 301 694 et
309 637 376 710 juris
393 637 473 692 civilis
488 639 618 693 seientiam
636 647 737 696 veteres
752 647 865 696 oratores
881 659 996 715 eompre-

198 715 357 778 leudebsut,
373 720 401 768 et
418 716 587 785 grnmmstiee,
606 717 702 771 musice
722 723 749 772 et
773 718 924 789 geometrice
947 721 995 774 im·

198 794 357 850 bachantur.
392 791 513 846 Incidunt
530 793 596 846 euim
613 809 697 848 muse
715 793 830 864 plurimrs
847 795 948 866 quidem
965 809 1018 855 ecs

199 887 272 942 quone
290 885 379 923 omnes
395 867 487 939 quibus
499 868 566 938 juris
582 869 675 923 notitia
690 869 856 938 desideretur,
868 871 993 945 pleraeque

198 955 287 1002 sutem
298 944 430 1016 inquibus
442 945 496 1000 huo
506 945 612 1000 scientie
623 947 767 1018 requiritur.

231 1023 318 1078 “Neo
335 1023 466 1094 quisquam
486 1023 776 1092 reportatumque
793 1029 824 1080 ut
842 1025 874 1080 sd
892 1031 992 1098 tempus
1002 1030 1039 1087 32

198 1100 308 1173 simplex
321 1099 478 1170 quiddamst
490 1099 615 1154 uniforme
626 1099 767 1155 doceamur.
799 1101 914 1158 Primum
926 1106 991 1159 enim

198 1179 275 1232 eliter
289 1176 389 1231 utimur
403 1176 519 1247 propriis,
536 1176 611 1232 sliter
627 1177 801 1244 commodetis,
818 1177 943 1251 longeque
955 1182 992 1236 in-

197 1262 298 1310 teresse
313 1253 474 1308 menifestum
492 1259 541 1318 ost,
558 1251 686 1324 possideat
698 1254 755 1325 quis
770 1273 826 1326 quse
844 1257 947 1327 prolert,
960 1277 992 1313 ru

196 1335 342 1386 mutuetur.
372 1330 470 1385 Deinde
480 1331 535 1400 ipss
547 1330 682 1384 multarum
692 1331 784 1386 artium
798 1331 904 1388 scientie
915 1335 991 1389 etiem

197 1407 269 1463 alind
292 1411 398 1477 egentes
421 1425 468 1461 nos
491 1412 573 1472 ornet,
597 1418 681 1478 atque,
706 1407 751 1462 nbi
774 1409 875 1463 minime
894 1409 989 1476 credes,

196 1487 295 1540 eminet
307 1489 334 1538 et
345 1483 453 1538 excellit.
489 1483 571 1554 quue
582 1501 633 1538 non
648 1484 738 1539 doctius
754 1485 829 1540 modo
841 1493 867 1540 et
879 1487 989 1557 prudeus
1001 1491 1016 1545 2
1033 1487 1038 1526 '·

197 1563 304 1618 auditor
314 1561 360 1615 sed
373 1563 449 1616 etism
465 1561 573 1632 populus
591 1561 711 1632 intelligit
729 1563 856 1617 aestatim
869 1563 990 1620 itelnude

196 1638 371 1712 prosequitur,
389 1643 420 1692 ut
439 1638 551 1710 legitime
572 1637 709 1704 studuisse,
725 1642 755 1692 ut
769 1657 815 1708 per
834 1657 920 1694 omues
939 1641 990 1695 elo-

196 1715 312 1788 quentin
327 1733 444 1770 numeros
460 1716 517 1780 isse,
530 1719 560 1770 ut
576 1714 684 1786 denique
701 1719 826 1770 oratorem
844 1735 899 1772 esse
911 1717 990 1772 lateu-

196 1801 259 1860 tur;
285 1809 361 1863 quem
384 1810 435 1846 rrou
459 1811 534 1862 posse
556 1791 631 1846 aliter
651 1791 773 1846 exsistere
794 1811 841 1848 nec
861 1795 990 1850 exstitisse

193 1887 311 1942 uuquam
334 1870 461 1934 confimo,
485 1869 535 1923 nisi
558 1887 624 1932 eum,
649 1869 700 1940 qui,
723 1875 844 1941 truquem
865 1873 892 1926 iu
910 1875 988 1928 eciem

194 1947 316 2002 omuibus
328 1946 403 2000 armis
416 1947 563 2011 instructus,
577 1944 651 2000 sicin
664 1947 746 2000 lorum
763 1948 879 2002 omuibus
892 1950 988 2004 artibus

194 2024 420 2079 urmstnsexierit.
456 2023 532 2083 Quod
551 2023 613 2077 adeo
631 2023 770 2094 negligitur
781 2024 813 2078 rb
826 2025 915 2079 horum
926 2035 1012 2088 tem-3

194 2119 289 2173 porum
308 2100 417 2166 disertis,
437 2112 468 2154 ut
487 2101 514 2154 in
534 2099 675 2154 ustionibus
696 2119 783 2154 eorum
797 2100 815 2169 †
829 2101 867 2154 vis
885 2104 988 2170 (etms)

193 2195 300 2250 quoqne
323 2178 463 2248 quotidiani
486 2177 614 2242 sermonis,
638 2176 705 2232 frede
728 2195 758 2232 ao
781 2177 898 2249 pudende
925 2179 987 2233 vitia

193 2254 438 2327 deprehendentur3
455 2261 486 2310 ut
500 2255 618 2325 ignorent
635 2253 711 2326 leges,
732 2273 783 2308 uon
798 2260 901 2309 teneant
917 2274 987 2310 sene·
1011 2255 1016 2293 ³

193 2342 238 2389 tus
264 2332 388 2397 consulte,
407 2333 450 2404 jus
469 2331 579 2386 civitatis
602 2331 670 2385 ultro
694 2331 832 2397 derideant,
857 2333 986 2403 sapienties

192 2429 258 2466 vero
276 2409 390 2464 studium
411 2415 438 2464 et
456 2414 584 2479 praecepte
602 2408 765 2479 pmdeutium
787 2409 888 2480 penitus
909 2410 988 2465 reior-

193 2488 303 2550 rnideut,
321 2487 348 2540 in
366 2487 530 2558 paucissimos
551 2503 640 2540 sensus
661 2491 687 2539 et
706 2493 827 2556 angustus
848 2488 986 2542 sententias

193 2565 336 2621 detrudunt
354 2563 522 2636 eloquentiam
540 2563 610 2618 velut
630 2563 762 2633 expulsum
781 2583 858 2636 regno
874 2583 937 2631 suo;
956 2571 986 2620 ut
1009 2577 1019 2599 ·“

194 2661 253 2715 quae
264 2641 325 2696 olim
337 2643 447 2694 omnium
460 2640 552 2694 artium
565 2639 665 2694 dominu
682 2639 849 2710 pulcherrimo
865 2642 986 2696 comitatu

193 2725 300 2792 pectore
317 2717 446 2787 implebat,
467 2735 535 2771 nunc
555 2717 702 2771 circumcisa
722 2723 749 2771 et
770 2723 906 2788 amputata,
931 2718 986 2774 sine

193 2800 327 2868 apparatu,
345 2795 401 2848 eine
418 2795 519 2858 honore,
538 2813 609 2864 pune
626 2794 731 2848 dixerim
750 2795 804 2848 siue
819 2795 996 2865 ingenuitate,

194 2875 268 2946 quasi
291 2889 343 2927 uns
366 2889 400 2925 ex
423 2871 601 2925 sordidissimis
624 2871 736 2926 artificiis
761 2871 878 2925 discetur.
914 2871 1011 2944 Birgos

193 2951 260 3008 huus
283 2949 389 3022 primum
412 2956 440 3003 et
462 2949 614 3020 precipuum
633 2965 735 3002 eausam
758 2947 866 3003 arbitror
888 2966 935 3004 eur
958 2951 986 3008 iu
1009 2967 1020 2981 ¹¹
