2575 3592
284 408 329 457 loo
616 409 737 458 'raom

282 519 386 575 armatis
403 523 540 577 ocournmt
555 522 738 593 promptissimi
752 470 1080 577 viteuinordii.u'iddil-

282 616 340 653 curn
365 597 400 653 ibi
419 598 535 669 pralium
557 600 695 670 improviso
715 600 837 665 tumultu,
858 598 904 653 sed
926 616 1080 670 prosperum

264 673 427 730 §Vitellianis
444 675 502 730 init.
539 676 649 731 Sabinus
665 696 693 732 re
707 677 813 749 trepida,
832 676 901 747 qnod
919 676 1081 730 tutissimum

284 751 490 823 epresentibm,
504 771 588 808 moem
605 753 726 825 Capitolii
742 754 836 809 insedit
855 753 936 808 mixto
952 753 1035 807 milite
1052 758 1080 807 et

285 828 436 901 quibusdam
460 835 606 886 senatorum
629 833 813 903 equitumqnc;
842 850 952 902 quorum
974 830 1082 885 nomina

285 906 387 963 tradere
410 906 479 961 band
502 914 649 979 promptum
670 914 718 978 est,
740 908 867 981 quoniam,
892 908 990 964 victore
1013 907 1082 962 Ves-

285 984 399 1056 pasiano,
423 984 498 1039 mnlti
521 984 548 1039 id
570 986 691 1041 meritum
718 1004 780 1058 erga
807 989 893 1057 partes
917 984 1079 1040 simulavere.

286 1060 428 1117 Subiernnt
443 1061 570 1117 obsidium
585 1063 664 1118 etiam
679 1064 787 1130 lemine,
804 1063 873 1117 inter
888 1080 951 1133 quas
969 1062 1081 1117 maxime

286 1138 394 1211 insignia
409 1138 539 1194 Verulana
554 1140 668 1207 Gratilla,
681 1160 763 1212 neque
775 1140 868 1196 liberos
884 1158 966 1211 neque
978 1141 1081 1211 propia-

265 1222 351 1289 tquos
363 1215 408 1271 sed
419 1215 515 1273 bellum
527 1222 623 1272 secuta
660 1218 811 1273 Vitellianus
827 1218 899 1273 miles
911 1216 1011 1272 socordi
1022 1236 1083 1272 cus-

286 1292 357 1349 todia
368 1292 467 1349 clausos
481 1293 662 1361 obcnmdedit;
684 1314 773 1365 eoque,
785 1294 908 1351 concubia
921 1298 1005 1359 nocte,
1018 1312 1081 1349 snos
1146 1324 1147 1335 κ

286 1369 379 1427 liberos
392 1370 501 1427 Sabinus
512 1374 540 1426 et
551 1372 727 1427 Domitianum
742 1372 830 1427 fratris
842 1372 922 1427 lilium
937 1372 965 1427 in
976 1372 1083 1441 Capito·
1146 1430 1147 1435 ,

286 1447 351 1505 lium
371 1448 469 1514 accivit,
489 1448 567 1503 misso
589 1467 636 1520 per
652 1450 768 1523 neglecta
791 1449 824 1505 ad
847 1449 979 1504 blasianus
1002 1448 1082 1503 duces
1146 1466 1147 1473 ³

287 1525 385 1591 nando,
399 1525 444 1597 qui
454 1525 626 1581 circumsideri
636 1526 706 1598 ipsos
718 1531 752 1593 et,
762 1528 791 1583 ni
801 1526 987 1591 subveniretur,
997 1530 1082 1581 arctas

266 1612 329 1661 drea
344 1603 482 1658 nuntiaret
518 1603 629 1660 Noctem
645 1603 709 1660 adeo
728 1604 840 1675 quietam
854 1604 916 1677 egit,
934 1606 964 1658 ut
982 1602 1084 1673 digredi

289 1681 344 1737 aine
355 1698 423 1736 noxa
428 1680 558 1752 potuerit:
576 1681 670 1753 qnippe
682 1681 754 1737 miles
767 1680 872 1749 Vitellii,
881 1680 1002 1736 adversm
1015 1680 1084 1751 peri·

289 1758 347 1814 cula
358 1758 437 1823 ferox,
449 1756 577 1813 laboribus
593 1762 621 1813 et
632 1758 725 1831 vigiliis
741 1776 831 1830 parom
846 1758 960 1821 intentus
978 1762 1043 1822 eret,
1056 1760 1084 1812 et

289 1834 411 1890 bibemus
422 1834 503 1890 imber
513 1838 618 1907 repente
629 1835 703 1891 lusus
720 1836 806 1891 oculos
823 1853 947 1906 auresque
962 1834 1086 1905 impedie-

247 1911 344 1976 70bat.
379 1910 451 1967 Luce
463 1912 545 1982 prima
556 1911 673 1978 Sabinus,
686 1914 823 1983 antequam
839 1912 867 1967 in
882 1913 963 1967 vicem
980 1911 1087 1967 hostilia

291 1991 441 2059 coeptsrent,
459 1988 605 2065 &melium
625 1989 772 2044 Martialem
794 2007 808 2044 e
829 1988 1028 2061 primipilaribus
1053 1988 1088 2043 ad

291 2065 425 2121 Vitellium
444 2065 514 2121 misit
534 2084 593 2121 cum
611 2066 737 2121 mandatis
757 2069 785 2121 et
805 2070 899 2137 questa
919 2067 988 2137 quod
1008 2070 1089 2136 pacta

292 2142 464 2200 turbarentur.
500 2142 693 2199 Simulationesn
713 2161 818 2215 prorsus
836 2147 863 2199 et
880 2143 1017 2215 imaginem
1042 2142 1090 2197 de·

252 2253 257 2269 ·
292 2221 403 2294 ponendi
413 2220 512 2293 imperii
522 2220 610 2287 biber,
621 2220 654 2275 ad
666 2220 826 2292 decipiendos
834 2224 874 2275 tot
881 2220 994 2275 illustres
1005 2220 1088 2275 viros.

271 2299 348 2360 cOnr
359 2299 426 2355 enim
436 2316 452 2354 e
470 2298 571 2354 Rostris
582 2298 669 2353 fratris
682 2297 792 2364 domum,
804 2297 978 2353 imminentem
989 2296 1049 2352 foro
1060 2302 1090 2351 et

293 2376 423 2432 irritandis
434 2376 564 2431 hominum
575 2375 663 2441 oculis,
677 2394 753 2447 quam
764 2375 921 2431 Aventinum
936 2378 963 2431 et
979 2380 1091 2445 penates

293 2454 381 2509 uxoris
404 2453 531 2525 petisset?
555 2452 599 2508 Ita
621 2452 729 2524 privato,
755 2456 781 2508 ct
805 2470 905 2507 omnem
928 2450 1091 2523 principatus

273 2531 405 2601 sepeciem
421 2529 522 2598 vitanti5
536 2530 692 2586 convenisse.
728 2530 825 2585 Contra
841 2528 975 2584 Vitellium
992 2528 1022 2584 in
1039 2530 1093 2583 Pe-

295 2606 393 2671 latium,
406 2606 434 2660 in
445 2607 526 2677 ipsam
537 2607 638 2678 imperii
652 2624 735 2661 arcem
751 2624 913 2678 regressum
930 2605 989 2661 inde
1008 2624 1093 2661 arma

297 2686 355 2738 turn
378 2700 470 2754 agmen
493 2683 630 2749 emissum;
649 2687 756 2738 stratam
778 2683 952 2739 innocentium
975 2682 1092 2739 caedibus

296 2759 484 2815 celeberrimam
501 2758 572 2814 urbis
589 2764 701 2830 partem;
719 2778 752 2815 ne
768 2760 895 2831 Capitolio
912 2758 1014 2829 quidem
1033 2760 1093 2815 abs-

275 2836 382 2892 4tineri.
416 2835 543 2905 'togatum
565 2854 656 2907 nempe
680 2854 708 2891 se
731 2843 758 2891 et
780 2856 860 2892 unum
883 2854 898 2891 e
919 2836 1092 2901 senatoribus,

297 2913 360 2967 dnm
371 2912 440 2968 inter
450 2910 635 2982 Vespasianum
648 2930 678 2967 ac
696 2912 828 2969 Vitellium
842 2910 934 2985 praeliis
949 2911 1093 2983 legionum,

295 2987 490 3060 captivitatibus
510 2986 619 3055 urbium,
641 2987 812 3045 deditionibus
832 2989 975 3049 oehomium
990 2989 1095 3057 judiea-
