2575 3592
308 397 353 444 182
635 404 754 450 TACl'll

939 468 1092 517 [anonas

280 523 358 572 stum
371 517 428 572 fuit.
464 517 529 571 Tum
541 519 609 569 sorte
621 514 692 569 ducti
703 533 749 585 per
765 531 829 584 quos
843 515 1012 572 redderentur
1027 518 1095 572 bello

303 604 383 665 rapta,
404 594 496 665 quique
517 613 566 649 ara
586 594 671 665 legum
691 598 819 650 vetustate
839 596 941 664 delapsu
959 601 1097 650 noscerent

303 672 466 742 figerentque,
489 676 515 726 et
538 672 625 735 fastos,
647 671 790 726 adulatione
811 677 954 743 temporum
977 673 1096 737 fedatos,

304 753 475 811 exonerarent,
505 748 657 819 modumque
690 749 796 819 publicis
822 750 941 819 impensis
971 750 1096 804 facerent.

281 826 430 880 4Bedditur
452 826 537 879 Tettio
558 826 662 879 Juliano
682 831 799 896 praetura,
821 832 955 896 postquam
975 828 1096 897 cognitus

303 906 343 957 est
359 902 391 957 ad
406 903 589 972 Vespasianum
604 903 762 973 confugisse:
782 904 878 973 Gripbo
894 904 976 957 bonor
991 904 1095 958 mansit.

304 979 397 1048 Repeti
417 978 476 1033 iude
497 980 666 1049 coguitionem
685 980 753 1033 inter
773 980 921 1035 Musonium
944 981 1049 1035 Rufum
1072 986 1099 1034 et

304 1055 422 1109 Publium
438 1054 551 1109 Celerem
568 1056 670 1125 placuit,
685 1056 869 1127 damnatusque
885 1056 992 1111 Publius
1009 1063 1039 1111 et
1054 1058 1100 1111 So-

281 1133 359 1186 5raui
375 1132 489 1186 manibus
509 1132 676 1187 satisfactum.
713 1134 825 1204 Insignis
841 1133 942 1205 publica
961 1136 1100 1189 severitate

305 1209 408 1264 diesne
428 1209 546 1279 privatim
567 1209 668 1279 quidem
687 1209 761 1263 laude
782 1211 872 1265 caruit.
907 1211 1015 1265 Justum
1036 1211 1099 1265 indi-
1140 1207 1142 1224 '

304 1286 371 1340 cium
390 1287 503 1356 explesse
522 1286 658 1340 Musonius
676 1285 823 1341 videbatur:
842 1286 941 1341 diversa
960 1287 1031 1341 fama
1048 1288 1099 1341 De

304 1364 394 1418 metrio
422 1364 541 1435 Cynicam
568 1368 663 1417 sectam
690 1364 810 1433 professo,
838 1363 906 1434 quod
931 1364 1099 1419 manifestum

304 1458 375 1494 reum
402 1440 559 1495 ambitiosius
584 1458 660 1509 quam
685 1440 817 1495 honestius
843 1440 1008 1495 defendisset.
1045 1442 1098 1512 Ipsi

306 1517 399 1583 Publio,
411 1536 492 1588 neque
511 1518 608 1571 animus
626 1517 654 1571 in
670 1517 788 1587 periculis
805 1535 888 1587 neque
906 1518 989 1572 oratio
1005 1535 1097 1589 suppe-

282 1595 403 1649 6ditarit.
441 1596 518 1666 Signo
542 1594 645 1648 ultionis
669 1594 697 1647 in
719 1601 878 1648 accusatores
902 1593 971 1659 dato,
992 1596 1063 1665 petit
1084 1614 1098 1652 a

306 1672 404 1725 Caesare
425 1672 516 1726 Junius
538 1672 677 1737 Mauricus,
697 1675 727 1725 ut
748 1672 984 1725 commentariorum
1006 1672 1098 1743 princi-

304 1748 398 1817 palium
417 1752 569 1818 potestatem
589 1748 687 1803 senatui
708 1748 811 1813 faceret,
830 1766 876 1818 per
896 1766 960 1818 quos
980 1753 1098 1803 nosceret

306 1842 380 1893 quem
398 1824 503 1893 quisque
524 1824 692 1879 accusandum
709 1828 872 1895 poposcisset.
908 1824 1099 1881 Consulendum

259 1902 294 1957 41
305 1900 351 1953 tali
369 1918 444 1969 super
463 1918 491 1953 re
510 1900 648 1971 principem
668 1901 805 1972 respondit.
842 1901 958 1968 Senmus,
978 1902 1100 1957 inchoan·

306 1976 383 2041 tibus,
402 1976 553 2047 primoribus
568 1978 747 2048 jusjurandum
764 1978 887 2048 concepit,
905 1996 956 2049 quc
980 1981 1101 2035 certatim

306 2072 392 2109 omnes
413 2054 586 2125 magistratus,
606 2056 691 2110 caeteri
711 2060 741 2109 ut
759 2056 910 2110 sententiam
933 2056 1100 2127 rogabantur,

307 2132 367 2187 deos
379 2136 458 2187 testes
473 2130 628 2187 advocabant
640 2132 704 2187 nihil
715 2150 763 2203 ope
777 2151 826 2187 ana
838 2132 934 2187 factum
948 2151 1000 2203 qno
1015 2135 1101 2205 cujus·

307 2228 380 2282 quam
396 2209 463 2264 salus
478 2208 618 2273 lederetur,
633 2228 716 2280 neque
730 2228 758 2265 se
772 2210 902 2281 premium
917 2215 963 2263 aut
977 2210 1102 2265 bonorem

307 2306 339 2341 ex
358 2287 499 2341 calamitate
514 2287 606 2341 civium
622 2287 725 2357 cepisse,
740 2286 845 2357 trepidis
859 2291 887 2341 et
900 2286 978 2342 verba
993 2288 1102 2359 jurisju-

307 2363 379 2418 randi
399 2382 444 2435 per
464 2364 545 2418 varias
569 2368 635 2417 artes
656 2364 821 2428 mutantibus,
843 2365 903 2433 quis
925 2363 1019 2434 flagitii
1038 2380 1101 2418 cun·

284 2440 413 2495 ascientia
434 2440 524 2495 inerat.
561 2439 705 2495 Probabuut
729 2440 873 2511 religionem
896 2443 990 2510 patres,
1015 2442 1101 2511 perju-

305 2516 372 2569 rium
393 2517 540 2585 arguebant.
576 2517 664 2587 anue
682 2517 752 2571 velut
771 2534 877 2580 censum
894 2516 922 2569 in
941 2516 1101 2571 Sariolenum

311 2590 432 2645 Voculam
452 2597 478 2647 et
499 2592 612 2647 Nonium
632 2593 765 2647 Attianum
790 2597 817 2647 et
838 2592 952 2647 Cestium
976 2592 1101 2647 Sercnrm

310 2668 428 2721 acerrime
443 2668 566 2733 incubuit,
581 2668 675 2723 crebris
694 2668 761 2739 apud
782 2670 911 2723 Neronem
929 2668 1101 2725 delationibus

287 2744 426 2798 clamosos.
462 2744 617 2798 Sariolenum
634 2749 661 2800 et
678 2764 765 2800 recens
786 2746 879 2800 crimen
897 2745 1014 2817 urgebat,
1032 2746 1102 2817 quod

311 2819 377 2888 apud
389 2818 520 2873 Vitellium
537 2820 637 2875 molitus
654 2821 741 2876 eadem
760 2822 835 2877 foret.
870 2822 928 2878 Nec
944 2822 1047 2877 destitit
1063 2842 1100 2877 se·

310 2899 385 2949 natus
403 2913 491 2949 manus
507 2895 632 2951 intentare
648 2898 761 2962 Vocula,
777 2898 857 2953 donec
871 2900 943 2953 curia
957 2898 1100 2955 excederet.

309 2969 352 3023 ad
372 2972 487 3027 Paccium
506 2970 653 3027 Africanum
671 2976 824 3045 transgressi
841 2994 900 3031 eum
920 2992 1023 3047 quoquc
1040 2993 1099 3049 pm·
