2575 3592
185 481 206 521 A
221 479 241 520 D
258 479 299 528 ω]
364 415 616 464 fflsnomnuum
634 415 671 464 II.
689 419 792 466 22-25.
947 421 978 469 65

184 529 300 586 Annium
321 527 422 582 Gallum
442 530 469 582 et
491 526 641 583 Suetonium
664 527 800 584 Paulinum
820 530 848 583 et
868 528 982 584 Marium

184 606 292 662 Celsum
314 604 342 676 (†
362 622 423 659 nam
442 621 486 659 eos
507 623 608 676 quoque
627 605 698 661 Otho
715 605 883 678 prefecerat)
905 607 981 662 variis

185 681 335 739 erimimbus
358 681 523 737 inoesserant.
558 683 690 737 Auerrima
710 683 862 738 seditionum
883 702 913 738 ae
933 683 1005 739 dis-⁶

185 757 282 817 eordiae
303 759 469 814 incitamenta
491 758 667 814 interfectores
692 759 785 816 Galba.
834 761 933 816 Scelere
956 765 983 816 et

185 842 261 894 metu
280 834 401 892 uecordes
420 835 527 890 miseere
545 841 645 901 onnus,
670 836 746 891 niodo
771 836 854 908 palam
874 836 984 892 turbidis

186 913 302 979 vocibus,
314 912 391 968 modo
402 913 508 968 oecultis
526 911 559 967 ad
573 913 700 968 Othonem
716 913 817 979 literis;
835 914 880 985 qui
895 915 985 970 humil·

186 992 250 1049 limo
262 992 354 1064 eniqne
365 989 491 1055 credulus,
503 989 584 1044 bonos
602 995 720 1046 metuens
739 989 890 1062 trepidabat,
908 991 985 1048 rebus

187 1069 318 1144 prosperis
341 1069 455 1124 insertus
478 1072 505 1122 et
528 1067 598 1123 inter
626 1069 733 1124 aduersa
755 1070 852 1126 medor.
900 1069 987 1143 Igitur

187 1147 321 1205 (titianum
332 1147 438 1201 fratrmn
449 1145 558 1200 auritum
570 1145 636 1200 bello
648 1147 793 1218 preposuit.

226 1225 332 1280 Interea
354 1222 455 1277 Paulini
472 1227 500 1277 et
519 1222 588 1277 Celsi
607 1221 689 1278 ductu
709 1241 750 1278 res
771 1224 879 1296 egregiae
899 1227 1032 1296 gestans
1147 1222 1148 1246 ³

188 1301 329 1374 Angebant
342 1299 466 1354 Casinam
478 1299 645 1370 nequisquam
662 1301 747 1355 omnia
762 1306 845 1371 eoepta
860 1305 887 1356 et
903 1320 986 1356 senes·

189 1396 254 1436 oens
265 1377 393 1433 exereitus
405 1377 445 1431 sui
456 1376 531 1430 fama
567 1377 661 1432 Pulsus
673 1377 810 1443 Placentia,
824 1378 894 1433 osesis
906 1386 1009 1450 nuper2

191 1454 303 1520 auxilib,
327 1454 406 1508 etiam
429 1471 475 1525 per
498 1470 649 1508 coneursum
679 1455 874 1526 exploratorum,
899 1455 988 1510 erebra

190 1532 276 1604 magia
294 1550 368 1602 quam
386 1530 464 1602 digna
480 1535 623 1586 memoratu
640 1531 734 1602 prelia,
753 1531 864 1597 inferior,
887 1533 988 1603 propin-

191 1615 291 1682 quante
302 1607 381 1663 Fabio
393 1607 511 1673 Valente,
522 1626 556 1662 ne
567 1626 641 1663 omne
653 1608 713 1664 belli
729 1608 806 1664 deeus
823 1609 884 1664 illue
899 1627 989 1664 conee-

191 1687 275 1751 deret‚
288 1703 437 1756 recuperare
448 1684 554 1756 gloriam
566 1684 664 1740 avidius
681 1704 757 1757 qnam
774 1686 915 1742 consultius
932 1703 990 1758 pro-

191 1763 309 1838 perabat.
344 1761 388 1817 nd
399 1761 576 1817 duodecimum
587 1779 603 1816 a
615 1762 740 1818 Cremona
752 1761 834 1834 (loeus
853 1763 1013 1820 Castorumt

192 1841 324 1910 uocatur)
347 1839 517 1895 ferocissimos
541 1839 702 1894 auxiliarium
724 1840 914 1896 imminentibus
944 1843 991 1898 viae

193 1918 261 1976 lueis
285 1916 399 1972 oceultoa
423 1915 559 1986 oomponit.
599 1916 709 1988 Equites
732 1917 868 1990 procedere
891 1919 992 1991 longius

191 1996 269 2070 jussi,
288 1997 323 2064 at,
340 1994 442 2050 irritato
464 1993 552 2066 praelio
576 1999 668 2065 sponte
685 1995 777 2068 refugi,
800 1996 992 2052 festinationem

195 2073 360 2145 sequentium
372 2072 471 2136 elisere,
488 2070 569 2126 donee
584 2071 682 2128 insidis
696 2078 868 2130 oobrerentur.
904 2072 1015 2127 Prodi-4

195 2155 257 2207 tum
271 2149 300 2205 id
319 2148 471 2205 Othonianis
487 2147 601 2217 duoibus,
622 2153 650 2204 et
668 2169 755 2206 euram
774 2150 889 2222 peditum
908 2149 993 2204 Pauli-

195 2247 257 2293 nus,
276 2227 391 2298 equitum
409 2225 500 2281 Celsus
517 2243 656 2298 sumpsere.
692 2227 786 2282 Tertia
810 2226 913 2282 decima
930 2226 994 2298 legi-

196 2305 257 2362 onis
274 2303 401 2369 uexillum,
427 2307 537 2375 quatuor
560 2303 712 2358 auxiliorum
736 2304 852 2359 eohortes
873 2308 900 2358 et
921 2305 995 2375 quin·

200 2381 275 2456 genti
293 2381 392 2453 equites
409 2381 437 2435 in
455 2380 559 2436 sinistro
577 2379 711 2447 locantur,
731 2399 849 2452 aggerem
871 2381 919 2437 ria
940 2386 994 2437 tres

198 2459 326 2533 presens
349 2459 467 2514 eohortes
496 2457 555 2512 altis
583 2456 716 2513 ordinibus
740 2459 887 2526 obtinuere;
906 2457 995 2514 dextra

200 2538 287 2592 fronte
309 2535 392 2607 prima
414 2534 482 2606 legio
504 2534 609 2589 ineesait
632 2552 691 2589 eum
710 2534 808 2590 duabus
832 2535 994 2592 auxiliaribus

201 2613 350 2670 oobortrbus
362 2615 389 2667 et
405 2611 552 2684 quingentis
569 2609 705 2681 equitibus.
742 2612 886 2684 Superbos
903 2631 918 2667 a
933 2625 1016 2684 pre-5

203 2691 272 2746 toria
289 2689 440 2760 auxiliisque
457 2687 526 2742 mille
544 2688 652 2759 equites,
672 2689 788 2744 enmulna
806 2689 933 2761 prosperis
950 2693 995 2744 aut

203 2766 346 2823 subsidium
361 2765 543 2831 laborantibus,
568 2765 734 2822 dueebmtur.
769 2769 913 2837 Antequam
936 2766 1039 2822 mis-25

203 2849 324 2902 serentur
336 2844 410 2910 acies,
423 2848 498 2915 targa
509 2843 670 2899 vertentibus
681 2843 833 2909 Vitellianis,
843 2842 933 2898 Celsus
944 2841 996 2896 doli

204 2921 317 2996 prudens
329 2921 450 2994 repressit
466 2938 535 2976 auos.
571 2919 704 2976 Vitelliani
719 2924 815 2977 temere
830 2925 995 2988 exsurgentes

244 3013 303 3051 rac„
313 3017 405 3050 ronna.
589 3011 606 3052 1

1136 528 1139 600 l

1137 603 1140 672 ¹

1139 755 1142 808 i
