2575 3592
259 419 289 465 ³8
592 412 713 462 Taclnl

888 471 1051 523 [ancara.

213 525 382 598 68legionem
399 523 535 579 Helvetios
553 541 569 578 a
584 528 659 592 tergo
683 521 889 596 aggrederentur.
925 523 969 578 Illi
989 530 1052 578 aute

259 601 393 658 discrimen
405 601 511 665 feroces,
529 600 556 654 in
572 600 684 670 periculo
702 599 793 671 pavidi,
810 617 952 671 quanquam
968 600 1052 671 primo

258 677 372 734 tumultu
384 676 518 731 Claudium
531 677 652 731 Severum
672 677 761 732 ducem
778 677 900 748 legerant,
917 695 968 731 non
980 695 1053 732 arma

258 773 371 819 noscere,
390 771 442 808 non
459 753 560 808 ordines
577 755 658 824 sequi,
683 772 734 808 non
758 754 785 809 in
807 773 887 808 unum
911 753 1052 810 considere.

238 832 403 887 alentiosum
421 829 541 885 adversus
558 835 691 886 veteranos
709 831 831 901 proelinm,
850 831 935 886 intuta
952 830 1052 886 obsidio

259 909 361 980 dilapsis
377 912 507 964 vetustate
523 907 655 964 mentm.
691 909 761 964 Hinc
778 909 879 964 Cecina
894 927 951 964 cum
966 908 1052 964 valido

259 988 380 1052 exercitu,
392 986 452 1042 inde
463 985 569 1041 Raticae
585 985 631 1041 ala
642 985 810 1058 cohortesque
828 992 855 1042 et
866 987 978 1058 ipsorum
990 986 1052 1042 Re

258 1069 344 1120 terum
357 1065 487 1136 juventus,
504 1066 577 1118 sueta
593 1063 669 1118 armis
689 1067 715 1118 et
731 1082 801 1118 more
818 1064 913 1120 militie
929 1063 1050 1118 exercita.

237 1139 381 1213 tUndique
404 1140 534 1212 populatio
560 1144 587 1196 et
610 1140 699 1196 credes.
748 1141 803 1211 Ipsi
826 1144 854 1195 iu
876 1141 959 1196 medio
982 1141 1051 1212 vagi,

259 1220 365 1292 abjectis
374 1219 457 1284 armis,
465 1236 557 1290 magna
564 1237 624 1291 pars
633 1218 712 1274 saucii
720 1221 764 1272 ant
773 1218 1051 1289 palantes,inmcntem

236 1297 395 1359 4Vocetinm
406 1296 547 1368 perfugere.
583 1299 623 1351 Ac
635 1295 723 1350 statim
732 1295 844 1350 immissa
856 1296 959 1351 cohorte
970 1295 1050 1350 Thra·

259 1393 317 1431 cum
329 1373 434 1446 depulsi,
447 1378 481 1437 et,
489 1373 694 1429 consectantibus
707 1373 838 1428 Germanis
850 1373 989 1444 Raetisque,
1003 1390 1051 1444 per

237 1452 334 1514 ssilvas
346 1456 423 1524 atque
434 1452 461 1507 in
472 1451 535 1522 ipsis
546 1450 651 1506 latebris
658 1449 787 1505 trucidati,
823 1449 909 1505 Multa
918 1450 1050 1506 hominum

258 1529 336 1584 millia
354 1546 425 1594 resa,
445 1527 526 1583 multu
547 1527 595 1583 snb
616 1545 710 1583 corona
727 1526 888 1582 venumdata.
932 1527 1050 1598 Cumque

258 1606 350 1662 dirutis
366 1605 481 1662 omnibus
499 1606 653 1660 Aventicum
668 1604 753 1677 gentis
768 1609 845 1675 capnt
859 1604 930 1676 justo
948 1605 1049 1676 agmine

257 1688 395 1754 peteretur,
419 1682 490 1737 missi
514 1682 557 1753 qui
580 1681 702 1737 dederent
726 1681 870 1748 civitatem3
901 1685 927 1736 et
951 1681 1049 1737 deditio

236 1765 368 1831 eaecepta
403 1759 437 1814 Iu
448 1759 465 1813 J
466 1759 545 1813 ulium
557 1758 678 1829 Alpinum
691 1777 705 1814 e
717 1758 880 1830 principibus,
893 1764 924 1814 ut
936 1759 1049 1814 concito-

257 1856 311 1893 rem
322 1837 389 1902 belli,
406 1837 507 1892 Caecina
522 1835 714 1891 animadvertit:
734 1840 841 1892 caeteros
857 1837 937 1892 veniae
948 1835 989 1892 rel
1001 1855 1048 1892 sae-

150 1971 154 1976 ,
211 1915 326 1978 acutia
342 1913 442 1969 Vitellii
459 1913 568 1984 reliquit.
604 1913 686 1968 Hand
708 1913 782 1968 facile
805 1913 876 1969 dictu
899 1917 947 1979 est,
968 1912 1049 1985 legai

257 1991 435 2048 Helvetiorum
446 1991 530 2045 minus
542 1989 689 2060 placabilem
705 1990 882 2062 imperatorem
896 2009 929 2046 an
940 1991 1048 2046 militem
1150 2027 1151 2059 ,

232 2069 406 2124 2invenerint.
442 2067 560 2123 Civitatis
577 2067 703 2122 excidium
715 2072 831 2138 poscunt,
849 2068 900 2123 tela
912 2087 941 2123 ac
957 2087 1047 2124 manus

255 2146 284 2202 in
295 2165 339 2202 cra
349 2146 491 2218 legatorum
502 2145 639 2200 intentant.
676 2144 718 2200 Ne
731 2145 851 2200 Vitellius
860 2144 961 2217 quidem
970 2146 1047 2201 minis

256 2242 286 2279 ac
303 2223 386 2279 verbis
402 2221 566 2294 temperabat,
586 2239 645 2277 cum
663 2221 786 2278 Claudius
806 2222 909 2288 Cossus,
928 2241 995 2277 unus
1014 2241 1047 2278 ex

255 2301 354 2373 legatis,
372 2306 440 2357 notre
458 2299 589 2365 facundie,
608 2297 654 2354 sed
671 2297 771 2354 dicendi
791 2304 872 2355 artem
887 2304 947 2371 apta
967 2300 1046 2371 trepi-
1149 2311 1150 2353 i

255 2379 358 2435 datione
380 2378 510 2434 occultans
533 2382 610 2448 atque
634 2395 665 2432 co
689 2376 803 2442 validior,
827 2377 915 2432 militis
934 2377 1046 2432 unimum

254 2455 388 2527 mitigavit,
401 2460 431 2510 ut
442 2458 482 2510 est
500 2472 554 2509 mos
571 2453 657 2525 vulgo,
675 2453 822 2509 mutabilem
839 2454 930 2510 subitis
948 2457 975 2509 et
992 2458 1046 2509 tam

255 2552 362 2606 pronmn
368 2532 396 2588 in
402 2531 598 2586 misericordiam
607 2549 682 2602 quam
691 2531 840 2603 immodicus
849 2533 946 2587 sevitia
952 2531 1052 2587 iuerat:

228 2611 350 2668 tllllusis
360 2609 477 2674 lacrimis,
490 2611 517 2663 et
529 2608 632 2664 meliora
648 2609 807 2665 constantius
824 2609 982 2680 postulando,
999 2609 1045 2663 im·
1148 2619 1149 2647 l

206 2691 246 2754 70
254 2689 396 2760 punitatem
420 2686 577 2756 salutemque
600 2685 699 2740 civitati
722 2686 897 2756 impetravere.
944 2685 1046 2740 Ooecina

253 2783 347 2838 paucos
359 2764 387 2818 in
399 2762 526 2818 Helvetiis
538 2765 651 2816 moratus
661 2761 721 2826 dies,
732 2761 792 2817 dum
804 2763 936 2818 sententie
948 2762 1045 2818 Vitellii

254 2841 346 2898 certior
357 2840 437 2905 fieret,
450 2838 525 2894 simrrl
540 2839 677 2892 transitum
689 2837 791 2908 Alpium
803 2857 901 2910 parans,
914 2839 1000 2894 letum
1012 2857 1045 2894 ex
1147 2889 1148 2894 ,

253 2917 331 2974 Italia
352 2917 471 2972 nuntium
494 2914 593 2986 accipit,
617 2915 683 2968 alam
707 2913 826 2970 Silianam
853 2916 920 2971 circa
946 2915 1045 2972 Padum

231 2999 372 3068 augentem
387 2996 544 3051 sacramente
560 2991 658 3047 Vitellii
674 2992 817 3048 accessisse.
864 2993 1044 3049 Proconsnlem
