2575 3592
312 411 358 460 loa
643 410 761 460 Tacrrr

932 472 1096 521 [amoma

310 521 400 577 civitas
420 523 532 587 auxerat,
556 519 617 577 dam
637 522 741 588 ambitu,
766 523 896 591 comitatu,
920 528 947 577 et
968 523 1099 577 murensis

311 599 476 653 salutantium
504 599 648 670 agminibus
677 600 833 655 contendunt
862 605 1099 670 comparanturque,

289 676 387 733 trariis
403 676 431 730 in
448 675 516 731 hunc
533 680 578 730 aut
595 676 667 730 illum
684 677 782 731 Vitellii
793 676 1004 731 inclinationibus.
1041 676 1101 731 Nec

310 772 422 823 uuquam
433 754 496 807 satis
507 752 558 807 fida
568 754 689 824 potentia,
701 754 747 808 nbi
757 754 834 808 nimia
845 757 892 808 est.
929 753 1009 807 Simul
1015 753 1101 823 ipsum

311 829 451 894 Vitellium,
471 829 562 884 subitis
583 830 685 885 offensis
709 834 753 885 aut
771 830 955 901 intempestivis
970 829 1102 885 blanditiis

289 905 464 971 mutabilem,
478 907 672 962 contemnebant
684 907 888 977 metuebantque.
924 907 980 962 Nec
995 924 1026 961 eo
1042 925 1103 977 seg-

312 983 370 1037 nius
389 983 533 1037 invaserant
554 983 650 1051 domos,
670 984 766 1049 hortos,
788 1002 899 1055 opesque
919 984 1025 1053 imperii,
1042 1002 1103 1038 curn

312 1059 402 1114 flebilis
420 1064 446 1114 et
464 1078 542 1131 egena
559 1060 682 1115 nobilium
700 1060 782 1125 turba,
802 1079 866 1131 quos
877 1061 947 1131 ipsos
957 1060 1105 1131 liberosque

312 1137 401 1207 patriae
421 1136 502 1191 Galba
521 1136 673 1202 reddiderat,
694 1137 764 1191 nulla
787 1138 907 1209 principis
930 1136 1107 1192 misericordia

291 1212 468 1284 §jur-arentur.
507 1214 613 1268 (iratum
631 1214 784 1285 primoribus
804 1213 915 1268 civitatis
935 1214 1012 1269 etiam
1029 1213 1107 1284 plebs

313 1290 468 1360 approbavit,
492 1291 561 1361 quod
583 1291 691 1345 reversis
720 1290 753 1345 ab
777 1290 852 1345 exilio
873 1291 931 1361 jura
952 1290 1107 1345 libertorum

313 1367 485 1432 concessisset,
505 1386 648 1439 quanquam
664 1367 691 1422 id
708 1368 777 1423 omui
793 1366 867 1422 modo
885 1367 984 1421 servilia
1000 1367 1107 1439 ingenia

313 1444 513 1515 corrumpebant,
533 1443 626 1499 abditis
645 1444 758 1515 pecuniis
776 1462 822 1515 per
839 1443 952 1499 occultos
968 1448 1013 1498 aut
1027 1444 1107 1499 ambi·

313 1521 392 1575 tiosos
406 1522 485 1585 sinus,
503 1526 530 1576 ct
547 1521 645 1592 quidam
665 1521 693 1576 in
705 1521 805 1575 domum
822 1520 928 1577 (laesuris
940 1522 1106 1591 transgressi,

314 1603 391 1669 atque
402 1599 463 1669 ipsis
476 1598 582 1652 dominis
594 1598 757 1669 potentiores.

271 1679 309 1732 93
350 1674 401 1729 Sed
418 1674 499 1737 miles,
513 1674 594 1744 plenis
608 1674 698 1729 castris
716 1678 743 1728 et
756 1673 915 1729 redundante
930 1674 1106 1740 multitudine,

315 1752 342 1806 in
354 1751 492 1821 porticibus
505 1757 549 1805 aut
561 1750 673 1806 delubris
686 1755 712 1805 et
725 1751 787 1807 urbe
799 1754 856 1805 tota
866 1769 954 1823 vagus,
972 1770 1027 1806 non
1038 1754 1109 1823 prin-

315 1828 381 1898 cipia
414 1846 525 1892 noscere,
555 1846 607 1882 non
641 1846 742 1882 servare
770 1828 876 1899 vigilias,
907 1846 990 1899 neque
1019 1828 1109 1884 labore

315 1904 425 1958 limnari:
445 1923 489 1974 per
499 1904 628 1960 illecebras
640 1904 710 1959 urbis
722 1908 755 1969 ct,
773 1905 906 1959 inhonesta
919 1904 998 1970 dictu,
1011 1924 1109 1977 corpus

294 1981 376 2045 totio,
399 1981 508 2035 animum
526 1981 672 2036 libidinibus
687 1981 877 2036 imminuebant.
913 1983 1058 2047 Postremo,
1076 2002 1110 2038 ne

317 2057 406 2112 salutis
423 2056 524 2127 quidem
541 2076 609 2122 cura,
628 2058 763 2113 infamibus
788 2058 905 2112 Vaticani
927 2057 989 2113 locis
1012 2078 1111 2130 magna

317 2152 374 2205 para
397 2134 523 2201 tetendit3
558 2135 626 2189 unde
650 2135 743 2190 crebrae
765 2135 793 2189 iu
816 2134 908 2205 vulgas
930 2140 1035 2190 mortes.
1073 2137 1111 2191 Et

317 2211 448 2282 adjacente
471 2211 563 2277 Tiberi,
589 2212 771 2266 Germanorum
795 2210 973 2282 Gallorumque
997 2211 1112 2267 obnoxia

317 2289 410 2343 morbis
428 2307 533 2360 corpora
551 2288 663 2343 fluminis
681 2288 788 2343 ariditas
809 2292 835 2343 et
852 2292 930 2343 astus
947 2288 1112 2359 impatientia

297 2365 441 2420 alabefoeit.
477 2366 586 2436 Insuper
601 2365 722 2420 confusus
737 2365 861 2435 pravitate
875 2365 916 2420 rel
932 2364 1029 2419 ambitu
1045 2365 1112 2421 ordo

318 2442 420 2496 militie.
457 2442 571 2497 Sedecim
593 2443 725 2513 pretoriae,
744 2446 853 2511 quatuor
869 2442 972 2497 urbana
990 2442 1112 2497 cobortes

318 2518 499 2583 scribebantur,
518 2520 575 2590 qnia
592 2519 692 2590 singula
709 2519 787 2573 millia
803 2519 921 2573 inessent.
959 2518 1021 2573 Plus
1039 2518 1068 2573 in
1080 2536 1113 2573 eo

319 2594 420 2649 delectu
437 2595 530 2649 Valens
548 2595 665 2662 audebat,
683 2600 803 2665 tanquam
820 2595 904 2665 ipsum
922 2595 1049 2651 (lucinam
1068 2614 1114 2666 pe-

298 2672 398 2726 4riculo
422 2673 563 2726 exemisset.
601 2673 667 2727 Saue
690 2672 801 2727 dventu
824 2673 879 2743 ejus
907 2676 993 2743 partes
1017 2690 1114 2729 couva-

320 2749 427 2812 luerant,
447 2752 474 2801 et
493 2748 622 2802 sinistrum
642 2749 706 2803 lenti
724 2749 821 2803 itineris
840 2766 966 2805 rumorem
986 2767 1113 2820 prospero

320 2824 406 2893 prelio
423 2828 541 2878 verterat.
577 2824 717 2895 Omnisque
734 2825 860 2880 inferioris
879 2825 1020 2881 Germaniae
1038 2826 1114 2881 miles

321 2900 453 2955 Valentem
467 2899 655 2966 assectabatnr3
673 2901 740 2956 unde
754 2902 863 2972 primum
874 2902 986 2957 creditur
1003 2901 1114 2957 Gaecinae

278 2975 384 3032 94lides
405 2978 528 3031 fluitissa.
573 2975 700 3031 Caeterum
729 2996 781 3032 non
808 2979 846 3033 ita
868 2978 974 3033 ducibus
1003 2978 1114 3035 indulsit
