2575 3592
409 426 603 475 GERMANIA
621 428 724 475 21-26.
914 429 960 474 248

182 537 273 608 gladios
285 555 312 592 ae
328 540 404 609 atque
420 538 527 593 infestas
543 538 650 593 frameae
666 538 733 593 saltu
743 538 848 609 jaciunt.
883 536 982 593 dixer-2

181 614 263 669 eitatio
283 618 365 670 artem
385 616 491 687 paravit,
514 634 554 671 ara
575 616 698 681 decorem,
719 635 771 670 non
789 616 816 670 in
837 620 959 686 questum

180 696 262 747 tamen
272 695 316 747 aut
324 691 479 747 mercedem:
496 692 609 763 quamvis
619 692 720 747 andacia
729 692 838 748 lasciviae
849 691 959 763 pretium

180 775 217 823 est
231 766 346 839 volirptas
362 768 539 839 spectantium.
574 769 670 836 Aleum,
687 769 755 840 quod
771 769 869 833 mirere,
883 767 982 823 sobriitt

179 844 242 901 inter
253 846 318 901 seria
332 849 459 909 exercent,
477 849 552 899 tanta
568 846 682 901 lucrandi
693 846 846 916 perdendive
857 845 961 900 temeri-

178 926 230 977 tate
246 926 284 987 ut,
301 940 359 977 eum
375 921 458 976 omnia
474 921 628 987 defeeernnt,
648 927 761 978 extremo
781 941 811 977 ao
824 922 960 977 novissimo

174 1002 245 1068 jactu
266 999 297 1053 de
320 998 437 1053 libertate
454 1016 483 1053 ao
501 998 532 1053 de
550 1016 655 1070 eorpore
672 998 833 1055 contendant.
867 998 984 1053 Victoat

178 1075 342 1131 voluntariam
354 1074 503 1130 servitutem
520 1075 589 1131 adit:
609 1076 722 1147 quamvis
732 1076 856 1147 juvenior,
874 1094 960 1147 quam-

177 1154 214 1207 vis
232 1151 365 1216 robustior,
385 1151 481 1223 alligari
504 1170 532 1207 ae
556 1170 585 1209 ao
607 1152 694 1207 venire
716 1153 822 1223 patitur.
857 1153 897 1208 Ea
919 1160 959 1212 eat

177 1230 203 1285 in
226 1248 253 1285 re
276 1247 354 1301 prava
376 1228 530 1299 pervieaeia:
554 1228 603 1300 ipsi
626 1229 703 1285 fidem
725 1233 825 1285 vooant.
869 1230 960 1284 Servos

178 1306 326 1363 conditionis
339 1305 413 1375 hujus
424 1322 470 1376 per
481 1306 629 1361 eommereia
645 1305 758 1373 trudunt,
770 1309 801 1360 nt
818 1323 846 1360 oe
862 1323 962 1376 quoqne

151 1436 156 1447 ,
177 1384 271 1455 pudore
283 1382 395 1439 victorie
406 1382 544 1437 exsolvant.
582 1383 688 1438 Ceteris
705 1384 785 1438 servio
803 1400 855 1437 non
866 1382 893 1437 in
903 1383 1006 1436 noa-25

177 1467 246 1517 trum
257 1478 361 1524 morem,
377 1458 509 1530 descriptis
521 1478 566 1530 per
583 1460 703 1515 fmrdliam
718 1458 872 1529 ministeriis,
886 1462 964 1513 utun-

177 1542 235 1592 tur:
254 1554 326 1591 auam
344 1534 449 1608 quiaque
468 1535 560 1601 eedem,
580 1555 639 1591 suos
662 1541 767 1608 penates
790 1535 843 1590 re'
955 1566 964 1575 ·

177 1613 258 1669 menti
268 1612 371 1667 modom
383 1611 499 1667 dominus
511 1616 555 1667 eut
567 1612 665 1684 peeoris
677 1617 722 1667 aut
731 1534 963 1745 πήξῃ,

176 1690 288 1761 injungit
295 1712 303 1756 ;
327 1695 354 1744 et
376 1706 464 1744 servus
487 1690 609 1745 haetenus
632 1693 712 1761 paret.
749 1691 818 1744 Oete
880 1747 884 1756 ,
928 1700 986 1746 nat

176 1767 259 1823 offioia
268 1784 333 1821 uxor
350 1784 379 1821 ao
394 1765 468 1821 liberi
484 1771 665 1838 exsequuntur.
701 1766 842 1822 Verberare
853 1784 962 1831 servum,

176 1864 206 1899 ae
218 1842 324 1899 unoulis
336 1847 362 1897 et
374 1860 450 1913 opere
469 1848 591 1909 eotreere,
611 1862 704 1899 rerum
740 1844 861 1899 Oooidere
873 1843 962 1908 solent,

175 1938 228 1975 non
251 1919 382 1991 disciplina
408 1922 434 1973 et
458 1919 602 1986 severitate,
619 1920 672 1976 ¹aed
694 1922 791 1993 impetu
814 1926 841 1976 et
864 1921 909 1985 ira,
933 1925 963 1974 ut

175 1998 312 2062 inimicum,
337 1996 386 2051 nisi
410 1995 478 2067 qnod
501 1996 610 2068 impune.
658 1998 758 2053 Liberti
779 2016 832 2053 non
854 1997 985 2053 multumt
1023 2032 1027 2041 ·

176 2092 255 2145 snpra
272 2091 357 2129 servos
379 2076 446 2137 sunt,
465 2091 522 2127 raro
543 2073 644 2145 aliquod
662 2078 817 2129 momentum
835 2074 863 2129 in
881 2073 964 2140 domo,

175 2168 306 2221 nunquam
328 2150 356 2204 in
378 2148 489 2214 civitate,
514 2151 627 2221 exeeptis
648 2150 772 2205 duntaxat
792 2151 824 2205 iia
845 2150 964 2221 gentibus

175 2246 235 2300 que
252 2230 398 2297 regnantur.
433 2226 476 2281 Ibi
487 2227 554 2281 enirn
569 2232 595 2281 et
612 2246 690 2297 super
704 2227 828 2299 ingenima
845 2231 872 2281 et
889 2245 965 2296 anper

174 2303 275 2361 nobiles
288 2302 425 2358 ascendunt
436 2326 442 2357 ε
461 2302 530 2373 apud
538 2308 643 2358 oaeteros
654 2304 763 2374 impares
774 2302 886 2358 libertini
892 2302 965 2358 liber-

174 2381 240 2437 tatis
251 2384 426 2451 argumentum
438 2383 506 2434 aunt.

211 2458 298 2512 Fenus
310 2457 405 2528 agitare
417 2460 443 2511 et
456 2456 483 2511 in
494 2474 584 2510 usuras
594 2456 738 2522 extendere,
750 2457 880 2529 ignotnm3
898 2456 965 2512 ideo-
972 2460 1011 2515 26

174 2553 227 2607 que
243 2534 324 2606 magia
340 2538 455 2588 servetur
471 2551 546 2604 quam
565 2533 587 2587 si
604 2533 714 2589 vetitum
730 2538 804 2589 esset.
840 2534 904 2607 Agri
920 2554 966 2607 pro

174 2628 283 2667 numero
295 2610 420 2667 cultorum
432 2609 463 2665 ab
475 2609 598 2665 universis
610 2610 637 2665 iu
648 2611 717 2666 viees
729 2615 891 2682 oeenpantur,
904 2632 968 2683 quos

171 2706 238 2743 mox
249 2687 316 2743 inter
328 2706 355 2743 ee
368 2686 504 2742 seeundum
521 2686 691 2758 dignationem
708 2688 861 2759 partiuntur.
897 2688 968 2743 Faoi·

172 2766 279 2821 litatem
290 2764 417 2836 partiendi
428 2781 572 2834 eampomm
585 2765 667 2835 spatia
678 2770 808 2835 praestant.
843 2767 913 2820 Arva
924 2784 969 2835 per

173 2859 258 2898 annos
270 2845 385 2907 mutant;
404 2845 431 2895 et
443 2844 559 2911 superest
571 2860 638 2912 ager.
674 2842 734 2899 Neo
747 2844 884 2898 enimcum
894 2841 992 2897 uber-2

172 2924 232 2976 tate
247 2922 275 2974 et
291 2918 456 2989 amplitudine
472 2918 520 2973 soli
533 2918 617 2973 labore
634 2920 799 2985 contendunt,
811 2924 842 2973 ut
858 2921 970 2989 pomaria

173 3000 315 3053 conserent
339 2999 366 3050 et
389 3000 462 3064 prata
485 3000 602 3067 separent
626 3000 653 3051 et
676 2999 766 3053 hortos
788 2997 888 3067 rigent:
915 2999 970 3053 oola
