2575 3592
302 398 335 447 u
637 398 758 446 ΤΑοΙΤΙ

940 460 975 507 [a
983 459 1106 501 ecana

302 510 367 579 ejus,
377 509 516 581 conspicua
524 507 669 574 altitudine,
682 513 785 580 repente
794 508 945 579 prociderat,
954 527 983 564 ac
995 516 1108 581 postma

302 586 351 652 die,
363 587 453 643 earam
464 586 573 657 νωιίςίο
584 604 728 657 resurgens,
745 604 850 657 procera
861 591 888 641 et
903 586 978 641 latior
989 586 1105 643 virebat.

303 665 403 719 Grande
433 663 461 718 id
492 681 691 735 prosperumque
719 680 843 719 consensu
870 664 1042 733 haruspicum,
1075 670 1105 719 et

302 759 401 796 summa
410 742 535 797 claritudo
545 742 633 812 juveni
644 741 779 797 admodum
796 742 953 813 Vespasiano
965 742 1103 813 promissa

195 847 197 851 v
281 829 292 870 a
303 818 354 873 sed
361 820 442 890 primo
450 818 615 889 triumphalia
620 823 648 873 et
660 819 807 875 consulatus
819 825 846 875 et
857 819 971 875 sudden
982 820 1104 875 victoriae

302 894 379 951 decus
390 896 510 967 implesse
516 896 589 951 tidem
599 896 691 951 ominis
700 896 865 951 violabantur:
884 901 914 950 ut
923 896 977 951 hac
988 895 1103 966 adeptos

280 976 349 1039 seat,
356 972 475 1043 portendi
484 973 533 1028 sibi
543 973 678 1044 irnperium
690 973 816 1029 credebat.
842 974 891 1029 Est
903 974 920 1027 J
921 975 1019 1029 udum
1030 974 1104 1029 inter

302 1049 450 1121 Syriamque
473 1050 618 1105 Carmelus:
649 1052 687 1105 ita
709 1055 801 1105 vocant
825 1055 936 1105 montem
960 1049 1102 1121 demae.

301 1125 358 1180 Nec
369 1126 530 1181 simulacrum
551 1126 599 1182 deo
617 1132 663 1182 aut
681 1128 819 1199 templum:
838 1128 875 1183 sic
894 1126 1021 1183 tradidere
1047 1145 1101 1181 rua

279 1201 375 1273 tjores,
396 1222 464 1258 mam
484 1207 586 1259 tautum
604 1208 632 1259 et
655 1204 829 1261 reverentiam.
866 1204 923 1259 Illic
942 1202 1101 1259 sandicanti

301 1279 464 1351 Vespasiano,
477 1297 535 1335 cum
547 1298 606 1351 spes
617 1281 730 1336 occultas
739 1285 852 1337 versaret
864 1281 956 1344 ammo,
968 1280 1100 1336 Basilides

300 1356 425 1422 sacerdos,
448 1357 570 1428 inspectis
593 1357 730 1413 identidem
750 1358 825 1426 extio,
848 1356 1007 1428 “Quicquid
1026 1358 1098 1422 est,”

300 1433 391 1503 inquit,
406 1433 596 1505 “'Vespasiaue
609 1434 678 1505 quod
690 1452 770 1505 paras,
782 1453 828 1491 seu
841 1434 943 1490 domum
954 1438 1098 1499 exstruere,

300 1528 346 1564 reu
369 1510 494 1582 proludere
517 1529 600 1583 agros,
616 1511 671 1566 aire
690 1511 809 1582 ampliare
829 1512 939 1576 servitia,
957 1510 1034 1567 datur
1049 1508 1100 1567 tibi

300 1604 392 1657 magna
414 1586 495 1653 aedes,
521 1588 638 1659 ingentes
668 1588 777 1653 termini,
802 1589 911 1645 multum
938 1586 1098 1645 hominum.''

279 1664 357 1718 7Has
377 1664 495 1735 ambages
515 1669 542 1719 et
561 1666 649 1721 stetim
661 1669 795 1737 exceperat
808 1666 875 1721 fama
886 1670 913 1720 et
924 1668 987 1721 tune
998 1664 1099 1735 aperie·

301 1741 352 1797 nst.
388 1743 445 1797 Nec
465 1743 598 1814 quicquam
622 1743 703 1813 magis
722 1744 749 1799 in
768 1762 812 1798 ore
832 1743 910 1815 uulgi.
945 1742 1097 1801 Orehriores

300 1818 367 1889 apud
378 1819 461 1888 ipsum
479 1836 616 1886 semroaes,
627 1824 723 1889 quanto
739 1820 898 1891 sperantibus
917 1819 990 1891 plura
1005 1819 1097 1875 dicun

257 1899 293 1960 79
300 1900 351 1949 tur.
386 1893 466 1950 Hand
488 1892 566 1951 dubia
587 1896 757 1951 destinatione
780 1895 926 1961 discessere
956 1896 1095 1951 Mucianus

299 1971 469 2036 Antiochiam,
493 1971 666 2043 Vespasianus
685 1973 841 2029 Caesaream:
860 1973 904 2029 illa
927 1973 1013 2044 Syrie,
1037 1972 1095 2029 hee

299 2048 396 2104 ludera
404 2051 483 2119 capnt
494 2053 543 2103 est.

334 2125 441 2181 Initium
458 2124 556 2181 ferendi
571 2125 603 2181 ad
617 2126 802 2196 Vespasianum
820 2126 918 2195 imperii
934 2124 1094 2181 Alexandria

300 2207 418 2274 creptum,
442 2202 580 2259 festinante
602 2202 704 2257 'liberio
726 2202 879 2267 Alexandro,
902 2203 948 2273 qui
969 2202 1093 2259 Kalendis

277 2280 375 2336 aluliis
392 2284 549 2335 sacramento
566 2279 621 2350 eius
638 2279 751 2351 legiones
769 2279 862 2350 adegit.
898 2278 976 2350 Isque
994 2279 1092 2351 primus

299 2357 455 2427 principatus
466 2356 521 2411 dies
533 2356 701 2427 inposterum
713 2355 864 2422 celebratus,
876 2356 989 2426 quamvis
1004 2355 1093 2411 Judai·

299 2450 345 2488 eus
354 2433 484 2488 exercitans
494 2434 586 2503 quinto
596 2435 685 2488 Nouos
696 2432 778 2487 Julius
790 2432 858 2504 apud
869 2433 953 2503 ipsum
968 2432 1091 2504 juriensi,

299 2527 330 2565 eo
341 2509 432 2563 ardore
444 2514 473 2564 nt
485 2528 518 2565 ne
528 2510 603 2565 'litus
615 2508 717 2581 quidem
729 2509 796 2565 iilius
807 2513 1005 2580 exspectaretur,
1019 2509 1093 2579 Syria

299 2604 422 2650 remeans,
446 2590 473 2640 et
495 2587 659 2642 consiliorum
681 2586 749 2641 iuter
767 2587 917 2643 Mucianum
940 2602 970 2641 ac
993 2590 1092 2657 patrem

298 2662 412 2717 nuntius.
448 2662 549 2717 Cuncta
559 2664 657 2734 impetu
668 2662 777 2717 militum
794 2668 857 2729 acta
870 2681 922 2717 non
933 2668 1020 2733 parata
1030 2680 1092 2717 cou-

256 2739 438 2806 gocionanou
449 2738 593 2808 conjunctis
601 2738 750 2810 legionibus.
772 2740 1091 2811 Dumquoriturtempus,

299 2814 378 2881 locus,
394 2813 512 2885 quodque
526 2814 553 2869 ia
569 2834 597 2870 re
613 2817 659 2871 toli
674 2816 848 2873 difficillimum
868 2823 915 2883 est,
934 2817 1013 2887 prima
1030 2829 1089 2882 vox,

301 2890 362 2945 dnm
373 2892 457 2945 animo
469 2909 535 2961 apes,
547 2891 633 2954 timor,
645 2892 719 2959 ratic,
730 2910 805 2948 casus
817 2894 992 2958 obversantur,
1005 2910 1090 2963 egres-

300 2984 357 3022 sum
367 2967 484 3023 eubiculo
491 2966 674 3037 Vespasianum
686 2970 759 3038 pauci
772 2968 872 3035 militas,
885 2970 960 3025 solito
972 2970 1089 3027 muten-
