2575 3592
316 388 362 435 158
651 386 774 436 TACITI

946 449 982 554 pi.
994 449 1023 490 u,
1033 450 1061 488 c
1070 450 1118 490 aaa

292 499 360 560 cred
371 497 469 571 stupris
486 500 514 553 et
525 497 657 553 admterim
672 498 752 554 lilium
764 496 886 569 principis
902 516 950 571 age
968 503 1006 554 at.
1044 500 1119 554 Prae·

247 627 250 630 .
314 576 414 632 lectura
425 576 537 648 praetorii
549 594 626 646 penes
638 576 743 631 Arrium
755 576 860 645 Varum,
872 594 971 631 summa
982 577 1115 647 potentia

314 654 343 709 iu
359 654 446 709 Primo
463 653 584 708 Antonio.
619 653 649 708 Is
668 654 800 724 pecuniam
819 654 995 724 familiamque
1013 672 1028 708 a
1047 654 1119 725 prin-

293 731 378 802 tcipis
390 731 465 785 domo
477 730 550 802 quasi
561 730 758 785 Cremonensem
767 730 878 801 praedam
890 750 988 803 rapere.
1016 730 1119 785 ceteri

315 807 440 863 modestia
450 807 491 862 rel
508 806 668 878 ignobilitate
686 812 716 862 ut
732 808 760 862 in
778 807 844 863 bello
860 808 970 873 obscuri,
992 808 1031 863 ita
1048 826 1117 878 pre-

315 886 424 941 miorum
442 889 567 955 expertes.
604 884 710 952 Civitas,
723 884 816 957 pavida
837 888 863 940 ct
887 885 993 940 servitio
1015 889 1118 957 parata,

317 962 435 1033 occupari
446 961 595 1017 redeuntem
610 962 746 1017 Tarracina
757 962 789 1017 L.
802 962 936 1017 Vitellium
949 980 1009 1017 cum
1025 962 1117 1017 cobor-

295 1039 387 1097 4tibus
405 1039 584 1111 exstinguique
598 1040 696 1111 reliqua
713 1039 773 1095 belli
790 1039 945 1111 postulabat,
982 1039 1116 1094 Praemissi

316 1116 429 1185 Ariciam
441 1111 557 1187 equites3
576 1134 668 1188 agmen
684 1116 814 1188 legionum
826 1116 896 1171 intra
906 1116 1020 1171 Bovillas
1032 1116 1116 1171 stetit.

317 1195 375 1251 Nec
387 1198 522 1250 cunctatus
534 1205 574 1247 est
590 1193 711 1248 Vitellius
730 1212 809 1264 seque
827 1200 854 1249 et
872 1194 991 1249 cohortes
1008 1194 1116 1249 arbitrio
1147 1212 1148 1265 ᾗ

317 1271 422 1327 victoris
434 1272 590 1343 permittere,
603 1273 631 1325 et
642 1270 715 1325 miles
731 1270 842 1325 infelicia
860 1289 929 1325 arma
945 1270 1015 1325 baud
1031 1271 1116 1325 minus
1147 1282 1148 1293 ¹

296 1349 357 1406 tira
365 1367 440 1420 quam
452 1352 524 1403 metu
536 1346 636 1418 abjecit.
665 1348 771 1420 Longus
785 1347 928 1418 deditorum
940 1348 1012 1410 ordo,
1026 1352 1114 1419 septim

319 1427 431 1495 armatis,
448 1444 494 1497 per
510 1423 600 1479 urbem
615 1425 728 1491 incessit,
747 1443 822 1480 nemo
840 1425 949 1496 supplici
966 1425 1052 1490 vultu,
1072 1425 1115 1480 sad
1140 1455 1143 1474 ι

319 1505 408 1559 tristes
431 1506 458 1558 et
481 1506 567 1557 truces
591 1504 618 1556 et
641 1502 775 1557 aduersum
799 1502 903 1573 plausus
927 1520 957 1557 ac
984 1502 1114 1557 lasciviam
1147 1548 1148 1581 ,

298 1581 466 1637 tinsultantis
487 1580 559 1652 vulgi
576 1580 726 1637 immobiles.
763 1582 861 1635 Paucos
883 1599 1016 1651 erumpere
1041 1600 1114 1637 ausos

320 1658 478 1730 circumjecti
488 1676 620 1736 pressere3
639 1658 725 1713 caeteri
736 1658 764 1713 iu
775 1657 917 1713 custodiam
933 1658 1042 1724 conditi,
1054 1658 1115 1713 nibil

321 1736 454 1809 quisquam
464 1735 565 1790 locutus
576 1734 718 1807 indignum,
727 1739 762 1800 et,
771 1753 912 1807 quanquam
924 1736 993 1790 inter
1000 1736 1113 1800 adversa,

300 1814 391 1873 7salva
401 1812 506 1867 virtutis
520 1812 595 1867 sama
632 1812 701 1867 Dciu
712 1812 809 1887 Lucius
821 1812 942 1867 Vitellius
954 1812 1113 1877 interficitur,

321 1908 367 1962 par
390 1890 460 1946 vitiis
484 1890 579 1953 fratris,
601 1890 630 1944 in
653 1890 797 1961 principatu
821 1890 878 1961 ejus
895 1890 1053 1962 vigilantior,
1071 1908 1115 1945 uec

321 1966 426 2039 perinde
454 1966 580 2038 prosperis
608 1967 692 2021 socius
716 1984 792 2038 quam
821 1966 933 2022 adversis
961 1966 1114 2041 abstractus.

297 2043 417 2103 dlisdem
429 2042 520 2099 diebus
537 2044 654 2099 Lucilius
666 2044 762 2099 Bassus
779 2062 838 2099 cum
849 2042 968 2116 expedito
985 2046 1074 2116 equite
1086 2045 1115 2099 ad

322 2121 520 2194 componendam
532 2121 696 2191 Campaniam
708 2121 828 2187 mittitur,
842 2121 1001 2177 discordibus
1010 2122 1115 2178 munici-

321 2201 422 2273 piorum
446 2199 535 2254 animis
559 2198 640 2269 magis
664 2198 731 2253 inter
755 2204 836 2253 semet
857 2218 934 2269 quam
955 2202 1115 2255 contumacia

323 2277 444 2333 adversus
461 2276 607 2348 principem.
644 2276 708 2331 Viso
726 2275 807 2331 milite
825 2276 912 2347 quies3
930 2280 958 2331 et
975 2277 1114 2333 minoribus

301 2354 428 2410 teoloniis
439 2353 586 2425 impunitas.
624 2352 719 2423 Cappa
734 2352 800 2425 legio
812 2352 890 2407 tertia
901 2352 1032 2409 hiemandi
1043 2372 1116 2411 causa

323 2431 430 2499 locatur,
442 2436 469 2486 et
481 2432 571 2485 domus
582 2430 695 2485 illustres
708 2430 814 2495 afflictae,
828 2448 886 2485 cum
901 2435 991 2486 contra
1004 2432 1116 2501 Tarraci-
1147 2416 1148 2469 l

323 2526 415 2564 ncnscs
438 2508 508 2563 nulla
531 2526 580 2579 ope
602 2507 762 2579 juvarentur.
810 2508 894 2563 Tanto
917 2508 1056 2579 proclivius
1078 2514 1116 2565 est

323 2586 421 2658 injurie
444 2604 521 2656 quam
544 2586 666 2641 beneficio
691 2585 770 2640 vicem
789 2586 927 2652 exsolvere,
953 2588 1013 2657 quia
1037 2590 1116 2660 gratia

302 2663 402 2731 soneri,
424 2662 488 2727 ultio
508 2662 536 2716 iu
556 2666 657 2732 quaestu
682 2661 798 2717 habetur.
836 2662 932 2733 Solatia
955 2663 1006 2718 fnit
1031 2684 1114 2721 serras

324 2738 441 2810 Verginii
459 2738 599 2807 Capitonis,
619 2756 695 2809 quem
718 2739 874 2815 proditorem
899 2741 1115 2797 Tarracinensium

325 2816 442 2880 diximus,
452 2813 565 2884 patibulo
577 2815 666 2869 allinus
675 2814 703 2868 iu
711 2814 801 2870 iisdem
810 2818 909 2888 annubs
918 2812 991 2889 quos,
1002 2826 1115 2891 acceptos
1147 2860 1148 2867 η

303 2901 342 2947 4a
358 2891 470 2954 Vitellio,
482 2890 607 2961 gestabat
643 2892 681 2945 At
693 2890 782 2959 Romae
799 2899 903 2949 senatus
919 2899 1013 2971 cunqta
1028 2896 1115 2967 princi.
1147 2902 1148 2977 p

326 2968 401 3040 pibus
418 2968 493 3024 solita
506 2966 663 3038 Vespasiano
678 2966 799 3037 decernit,
818 2970 894 3027 letus
909 2976 937 3027 et
953 2972 1009 3047 spei
1025 2980 1115 3051 agnis,
