2575 3592
438 421 631 471 GERllANlA
659 422 731 467 2-6.
934 421 982 469 238

196 533 258 603 Ipse
270 550 355 587 eorum
369 532 527 603 opinionibus
544 531 642 597 aooedo,
653 530 701 603 qui
714 529 854 585 Germania
870 530 1014 601 populos,4

195 610 272 667 nullis
291 610 345 665 aliis
364 610 469 665 aliarum
488 610 619 664 nationum
639 607 771 665 connubiis
790 607 907 672 iniectos,
929 626 987 679 pro-

195 689 276 759 priam
290 692 316 743 et
332 690 463 753 sinceram,
477 692 503 742 et
519 692 619 741 tantum
637 687 678 741 sui
693 685 807 751 similem,
824 689 926 757 gentem
942 704 986 740 ex-

195 765 293 821 stitisse
311 764 473 820 arbitrantur.
510 764 585 819 Unde
602 764 704 819 habitus
723 781 824 833 quoque
841 780 984 833 corporum,

194 861 338 913 quanquam
353 842 381 897 in
400 845 473 895 tanto
490 841 620 895 hominum
636 858 750 905 numero,
768 839 850 895 idem:
869 838 986 895 omnibus

193 924 281 974 truces
297 926 323 974 et
336 918 435 973 eaenrlei
447 918 519 983 oculi,
532 918 615 973 rutilae
631 935 718 982 coma,
731 935 823 988 magna
837 934 942 987 eorpora
957 924 984 971 et
1066 918 1071 930 '

193 1001 295 1051 tautum
320 995 352 1050 ad
374 996 497 1065 impetum
521 994 611 1050 valida.
647 994 756 1049 Laboris
779 1000 856 1064 atque
879 1003 1006 1065 operuma

194 1092 246 1127 non
258 1073 345 1129 eadem
361 1072 497 1143 patientia3
515 1072 667 1143 minimeque
682 1071 752 1125 sitim
766 1076 907 1140 astumque
920 1070 985 1125 tole-

194 1170 259 1217 rare,
284 1150 380 1222 frigora
398 1154 473 1221 atque
493 1148 600 1205 inediam
625 1148 685 1205 oaelo
707 1148 792 1203 solove
810 1153 983 1203 assueverunt.

194 1229 281 1295 Terra,
293 1228 343 1283 etsi
355 1226 481 1297 aliquanto
494 1228 577 1297 speeie
589 1226 684 1290 differt,
695 1226 723 1280 in
740 1226 886 1280 universum
898 1228 1010 1280 tamen5

196 1309 240 1359 aut
258 1305 329 1359 silvis
346 1304 447 1359 horrida
464 1308 508 1359 aut
529 1302 663 1375 paludibus
681 1302 756 1367 ioeda,
777 1302 911 1368 humidior,
935 1320 986 1373 qua

197 1382 299 1447 Gallias,
312 1382 446 1446 ventosior,
460 1400 510 1452 qua
525 1381 649 1436 Noricum
666 1398 695 1435 ao
711 1380 865 1436 Pannoniam
878 1379 983 1449 aspicit3

196 1459 260 1513 satis
275 1459 353 1523 ferax,
372 1459 550 1530 frugiferarum
567 1457 685 1513 arborum
703 1457 847 1527 impatiens,
865 1474 984 1525 pecorum

195 1535 312 1601 secunda,
331 1535 375 1591 sed
387 1536 694 1607 plemmqueimprooera
730 1534 772 1589 Ne
789 1533 911 1589 armentis
930 1535 1008 1604 qui-a

196 1612 255 1666 dem
267 1632 329 1667 suus
344 1614 423 1667 honor
439 1617 483 1667 aut
500 1612 581 1684 gloria
596 1612 696 1667 frontis.
731 1612 847 1667 Numero
863 1609 983 1682 gaudent,

196 1708 283 1759 eaque
295 1689 354 1745 soloe
365 1694 392 1745 et
403 1691 552 1761 gratissima
567 1707 627 1759 opes
640 1692 709 1743 sunt.
746 1690 889 1760 Argentum
902 1691 929 1742 et
941 1698 1006 1744 aua

194 1786 253 1821 rum
274 1766 411 1837 propitiine
432 1786 465 1821 an
482 1767 542 1821 irati
561 1766 595 1821 dii
615 1765 774 1837 negaverint,
794 1764 890 1821 dubito.
928 1765 985 1820 Neo

194 1848 282 1899 tamen
295 1844 469 1901 affirmaverim
486 1843 579 1899 nullam
595 1844 735 1899 Germaniae
750 1862 839 1898 venam
851 1847 985 1914 argentum

194 1940 316 1976 aurumve
328 1922 446 1992 gignere:
460 1922 515 1992 quis
528 1921 594 1976 enim
606 1924 736 1976 scrutatus
748 1922 807 1976 est?
825 1919 984 1991 possessione

194 2003 222 2053 et
234 2016 284 2053 usu
295 1998 364 2055 haud
376 1998 479 2069 perinde
494 1999 644 2054 afficiuntur.
681 1999 730 2054 Ilst
744 1998 832 2053 videre
847 1996 916 2067 apud
928 1998 1007 2054 illos4

194 2078 316 2145 argentea
324 2094 392 2141 vase,
402 2076 493 2148 legatis
505 2080 531 2131 et
543 2077 701 2147 principibus
709 2095 797 2131 eorum
810 2074 909 2129 muneri
916 2074 982 2140 data,
1047 2142 1049 2146 ¹

194 2170 248 2206 non
265 2152 291 2206 in
309 2152 358 2207 alia
374 2152 472 2208 vilitate
490 2172 564 2224 quam
583 2172 639 2224 quae
657 2154 736 2209 humo
753 2154 892 2223 finguntur,
906 2169 983 2221 quan·

194 2246 272 2299 quam
285 2229 399 2297 proximi,
408 2231 441 2284 ob
452 2248 526 2285 usum
535 2232 748 2293 oommeroiorum,
757 2247 846 2282 aurum
853 2231 880 2281 et
892 2244 984 2297 argen-

194 2315 252 2361 tum
269 2304 297 2359 in
316 2306 399 2375 pretio
413 2306 514 2373 habent,
533 2306 677 2377 formasque
693 2305 814 2377 quasdam
830 2308 925 2358 nostra
939 2322 984 2373 pe

193 2382 277 2437 onnia
294 2388 436 2453 agnoscunt
454 2388 530 2454 atque
548 2383 665 2455 eligunt:
686 2382 819 2437 interiores
844 2380 983 2450 simplicius

193 2458 811 2531 etantiquiuspermutationemeroiumutuntur.
845 2458 1006 2513 Pecuniamt

193 2536 306 2607 probant
330 2542 441 2593 veterem
464 2543 491 2593 et
515 2538 559 2593 diu
582 2543 677 2603 notam,
696 2541 807 2592 serratos
825 2536 982 2607 bigatosque.

193 2615 338 2683 Argentum
351 2633 450 2685 quoque
463 2615 543 2687 magis
556 2634 631 2686 quam
648 2634 738 2670 aurum
752 2619 900 2685 sequuntur,
913 2614 984 2668 nulla

194 2690 329 2747 affeetione
341 2692 425 2757 animi,
435 2692 480 2747 sed
492 2693 552 2763 quia
563 2711 684 2747 numerus
696 2697 874 2763 argenteorum
886 2691 983 2745 iaoilior

193 2766 255 2821 usui
272 2771 313 2823 est
328 2769 473 2838 promiseua
488 2788 517 2825 ao
535 2770 595 2825 vilia
611 2769 791 2825 mercantibus.
828 2770 870 2823 Ne
887 2768 1008 2825 serrumti

194 2843 297 2915 quidem
316 2851 441 2915 superest,
457 2847 524 2901 siout
547 2866 580 2902 ex
597 2866 691 2917 genero
713 2847 823 2901 telorum
846 2844 981 2915 colligitur.

193 2922 259 2978 Rari
277 2921 367 2993 gladiis
391 2928 435 2979 aut
453 2923 590 2994 majoribus
608 2924 702 2980 lanceis
725 2930 842 2979 utuntur.
877 2922 982 2988 Hastas,

191 2999 233 3054 vel
245 2999 359 3069 ipsorum
372 3000 495 3057 voeabula
507 3000 621 3069 frameas,
634 3006 736 3075 gerunt,
750 3004 861 3071 angusto
873 3004 898 3052 et
911 2998 982 3054 brevi
